2782 4942
496 381 726 443 enausamau
753 394 825 443 mn.
849 395 896 445 aa
1159 376 1233 456 193

162 559 267 638 Atque
285 557 391 619 virum.
436 551 537 619 dorne
559 556 674 619 crebris
695 561 784 620 acuat
804 557 913 620 ictibus
934 560 1036 641 amba,
1146 588 1148 592 ⁴

162 642 204 704 lut
225 645 335 724 galeae
354 643 524 724 fragmenta
544 662 636 706 cavae
657 662 831 725 compressa
851 653 1001 726 perurunt

166 727 336 810 Tempora:
358 747 416 791 nec
439 728 599 808 quidquam
619 728 708 793 nudis
728 730 870 791 vitalibus
891 731 993 792 citatat

169 813 248 890 lam,
270 820 394 894 praeter
416 819 531 875 stautea
552 815 584 875 iu
605 815 728 877 summis
748 816 866 898 assibus
885 815 999 878 lanatas.

229 901 309 982 Quid
330 919 427 975 nuuc,
447 900 566 974 vesani,
588 900 693 962 iaculis
714 899 891 981 levibusque
912 904 1030 987 sagittis

172 985 295 1049 Perditis
317 987 464 1049 haesuros
485 1005 644 1067 numquam
669 984 809 1049 vitalibus
831 988 935 1048 ictus‘i

173 1072 256 1135 llnnc
279 1080 331 1135 aut
350 1072 501 1135 tortilibus
520 1072 635 1150 vibrata
655 1070 810 1153 phalarica
831 1074 932 1135 nervia

175 1159 299 1235 (linunt,
321 1165 374 1221 aut
394 1159 472 1220 vasti
495 1158 620 1224 muralia
640 1157 777 1238 pandera
799 1158 879 1220 sarit

174 1243 254 1306 llnnc
272 1246 352 1307 aries
373 1243 458 1307 ierrc
480 1243 660 1324 ballistaque
681 1243 785 1307 limina
805 1250 914 1325 portae

177 1329 366 1393 Snmmcvcal.
409 1329 478 1392 Stat
498 1347 559 1392 nan
579 1329 694 1410 fragilia
715 1350 773 1410 pru
795 1329 929 1392 Caesare
948 1351 1062 1410 murus,

176 1414 401 1498 Pompeiumque
421 1421 515 1479 tenet.
558 1414 625 1477 lam
646 1421 773 1497 pectora
789 1434 850 1478 nnn
871 1418 951 1499 tegit
971 1421 1072 1497 annis,

176 1503 213 1564 lc
232 1503 344 1564 veritas
365 1501 449 1564 credi
470 1501 596 1582 clypeo,
618 1501 763 1581 laevaque
783 1520 916 1581 vacasse,

175 1589 226 1649 lut
245 1589 333 1670 culpa
353 1588 553 1663 vixissem,
573 1592 621 1649 int
641 1587 766 1651 vulnera
783 1587 858 1649 belli

175 1672 254 1737 Solus
276 1676 359 1751 obit,
382 1674 566 1754 densamque
587 1673 691 1734 ferens
710 1674 743 1735 in
764 1672 1030 1754 pectusculum,

173 1759 230 1821 lam
250 1760 393 1842 gradibus
415 1759 521 1839 icasia,
544 1760 575 1820 in
597 1777 686 1839 quam
708 1759 811 1836 cadat,
833 1759 918 1840 eligit
939 1761 1070 1824 hostem.

173 1844 235 1924 [Par
254 1846 356 1928 pelagi
379 1847 532 1908 monstris.
576 1843 711 1925 Libycae
734 1846 778 1907 sic
800 1845 901 1906 bellna
924 1847 1045 1927 terrea]

171 1931 214 1994 Sic
236 1931 369 2014 Libycus
389 1931 491 1993 denaia
513 1929 639 2012 elephas
661 1949 825 2014 oppressus
846 1932 883 1992 ab
905 1932 997 1995 armis

170 2017 259 2080 Omne
280 2036 495 2100 repercussum
514 2017 661 2096 squalenti
684 2017 801 2081 missile
822 2022 910 2098 tergo

168 2103 301 2184 Frangit,
322 2110 356 2166 ct
375 2103 538 2165 haerentes
559 2111 640 2165 mata
659 2108 731 2164 cute
752 2103 875 2164 discutit
895 2103 1013 2167 hastasz

168 2189 288 2252 Viscera
309 2197 374 2251 tuta
391 2191 487 2251 latent
508 2190 645 2271 penitus,
667 2189 803 2269 citraque
821 2208 959 2252 cruorem

167 2275 307 2345 conlisae
326 2281 408 2337 aunt
427 2274 489 2336 tela
509 2274 610 2339 saraca
630 2280 676 2336 tat
696 2273 777 2336 facta
798 2276 926 2355 sagittis,

165 2360 224 2423 l'at
241 2362 365 2438 iaculis,
387 2379 476 2423 unam
497 2378 559 2422 ncu
581 2361 703 2441 explent
722 2359 846 2422 vulnera
866 2366 1006 2424 martem.

163 2444 286 2509 Dictaea
307 2447 415 2529 procul
436 2465 517 2508 ecca
532 2465 622 2507 manu
647 2445 793 2525 Gortynis
815 2445 930 2509 arundo

158 2528 313 2596 'Tenditur
332 2534 365 2594 in
385 2533 545 2608 Scaevam,
567 2550 646 2612 quae
665 2530 738 2592 vitu
760 2533 873 2594 certicr
893 2533 976 2595 amni

161 2618 192 2681 lu
213 2624 305 2702 caput
327 2626 417 2701 atque
435 2619 514 2682 nculi
531 2619 649 2681 laesum
667 2617 826 2680 descendit
843 2619 875 2680 in
895 2619 1011 2681 arbem.

225 2778 288 2829 2⁰¹1.
306 2775 421 2829 Habent
436 2774 482 2829 dr.
500 2773 549 2829 Aa.
567 2791 593 2829 a.
610 2777 638 2829 b.
657 2793 681 2829 c.
700 2776 727 2829 d.

224 2849 288 2898 2⁰8.
305 2843 354 2899 Sic
372 2843 402 2897 0.
421 2843 467 2900 Aa.
486 2844 511 2898 d.
530 2861 554 2898 c.
569 2871 604 2884 ·-
620 2844 651 2899 ll.
669 2846 727 2898 Aer
740 2843 850 2898 Gctnlua
865 2844 960 2899 danais.

162 3004 221 3041 snm
257 2985 486 3042 adversariarum
517 2986 675 3043 ,exercitum
706 2988 852 3041 mittentes
879 2980 1014 3050 navibus,
1052 3001 1100 3039 ens
1126 2989 1214 3072 daps-i·

164 3073 224 3109 cnm
242 3055 307 3108 vinc
324 3071 389 3111 nna.
706 3060 801 3119 maaut3
822 3061 906 3122 atquc
924 3054 966 3107 sic
984 3055 1034 3107 int.
1051 3054 1218 3112 Famalnus.

193 3128 252 3177 193.
270 3140 419 3193 canpaniae
435 3138 474 3177 sc.
492 3127 627 3192 tempora.
639 3150 674 3166 -·
707 3123 852 3193 Sulpicius
870 3129 982 3175 contras
1001 3139 1073 3190 „par
1090 3126 1170 3191 cetis,
1188 3128 1219 3181 in

161 3199 297 3262 perurunt,
318 3197 472 3247 conterunt.
707 3209 825 3261 quarum
848 3192 937 3262 tergis
955 3191 1072 3244 frutices
1090 3198 1119 3246 nl
1136 3196 1218 3247 aulac-

193 3263 253 3314 1⁹4.
271 3262 411 3327 cinnum,
438 3261 468 3312 ln
486 3259 567 3315 niis
585 3259 675 3330 parti·
708 3278 753 3315 raa
770 3259 905 3313 criuntur.
930 3259 1061 3312 Emiucnt
1079 3261 1152 3314 enirn
1171 3280 1220 3314 ara·-

162 3329 225 3394 sus,
244 3329 276 3382 in
296 3329 397 3410 quibus
411 3333 459 3391 ,ert
474 3328 535 3404 vita
555 3345 673 3395 summa,
707 3344 759 3398 pra
785 3345 863 3399 mara
889 3327 919 3380 in
944 3329 1063 3380 lormam
1089 3333 1221 3399 scapulo-

161 3396 350 3464 praecnrdaia,
366 3397 484 3463 femare,
501 3394 611 3470 iugula,
628 3414 675 3450 cc·
707 3399 800 3464 ιιιιιι,66
848 3396 940 3466 Quam
957 3402 1033 3448 certe
1050 3397 1219 3466 interpretum

162 3467 252 3520 rebec.
706 3465 813 3519 tionem
829 3463 976 3532 aequantia
991 3464 1105 3520 firnaara
1121 3467 1220 3520 niden·

193 3537 254 3586 195.
272 3529 384 3598 δαείω,
415 3532 515 3587 haiae
539 3531 614 3587 anim
637 3533 673 3588 ab
707 3539 762 3599 tur.

159 3601 293 3656 hostibus
314 3601 342 3655 ci
358 3600 503 3656 immissae
517 3608 547 3654 et
562 3601 674 3656 assibus
740 3605 800 3656 209.
836 3603 969 3672 squalenti
999 3609 1094 3674 largn,
1139 3603 1219 3659 dura.

161 3671 219 3723 eiua
238 3670 357 3735 infixae,
375 3671 556 3740 aclaepaene
573 3687 673 3740 corpus
705 3670 830 3739 Elephas
859 3671 968 3740 frangit
997 3673 1080 3724 clune
1108 3671 1219 3726 missile

161 3739 220 3791 aina
239 3738 433 3808 protegebant.
706 3743 789 3808 terga
812 3739 968 3808 squalenti,
1000 3739 1030 3792 la.
1057 3742 1081 3792 e.
1100 3741 1170 3807 lacit
1186 3748 1219 3793 ut

192 3812 254 3859 202.
272 3814 351 3870 tenet,
368 3806 471 3860 retinet
486 3823 521 3859 ne
535 3809 672 3875 erumpat.
707 3807 849 3860 incassum
876 3807 1010 3870 ⁴immissa
1042 3808 1106 3862 sint.
1139 3809 1219 3864 Muta

192 3880 254 3928 wa.
273 3875 345 3927 credi
362 3876 394 3928 cl.
411 3877 512 3958 clppec
529 3892 560 3929 ac
578 3881 674 3943 prute—
708 3874 782 3928 enim
800 3885 864 3930 cuta
879 3876 995 3929 discutit
1012 3892 1053 3929 ea.

161 3943 253 4007 abac,
289 3959 373 4009 quum
390 3949 484 4014 potans
503 3943 588 3999 laeva
605 3960 674 4012 quc·
740 3947 800 3997 211.
819 3947 887 3997 cina
907 3960 1038 4008 cruorem,
1057 3944 1098 3998 ita
1115 3951 1146 3997 ut
1163 3963 1220 3999 aaa

161 4026 360 4131 quqopugqara
377 4012 500 4132 dabepqt.
707 4013 746 4134 qq
772 4029 908 4133 lepuqrpsm
940 4029 1028 4080 usqua
1063 4020 1214 4083 penetrant.

249 4096 368 4131 ascum
384 4096 423 4132 ac.
455 4096 571 4136 eorum.
745 4119 752 4135 .
890 4119 898 4133 .

192 4151 256 4202 207.
271 4149 334 4217 μία
355 4148 366 4200 i
387 4150 509 4207 menania
524 4165 592 4219 pur,
609 4146 629 4205 i.
648 4165 674 4202 c.
740 4151 800 4201 213.
809 4118 901 4202 ’cnam
917 4151 970 4202 alc.
980 4165 1066 4203 unum
1077 4148 1221 4220 heminam

162 4213 275 4270 similia.
319 4164 462 4272 duasne
480 4216 555 4272 anim
572 4232 603 4271 aa
620 4213 675 4272 ian·
708 4232 764 4275 nnn
781 4222 898 4286 puerunt
916 4216 1063 4274 conficere.

1027 4288 1068 4350 lt
