2782 4942
324 369 376 420 xit
754 367 940 419 EPISTOM.
1060 400 1062 402 -

325 536 490 605 rationem
511 548 643 602 secutus
671 532 733 601 sim
758 534 792 602 in
818 543 912 605 textu
931 533 1018 619 hoc,
1047 517 1149 625 quem
1172 533 1284 622 vides,
1304 535 1379 604 Lu·

327 657 402 726 cani
426 651 635 724 recensendo
657 661 759 744 atque
780 653 1033 741 constituendo,
1083 653 1208 723 deinde
1231 654 1276 724 de
1296 654 1378 723 reii-

327 776 402 866 quis
431 772 573 857 addam3
622 773 910 863 quemadmodum
933 774 1003 844 hoc
1029 773 1215 844 secundum
1242 773 1379 859 Quinti-

326 894 452 964 lianum
478 903 513 963 et
535 893 629 984 apud
652 892 807 984 antiquos
832 893 936 963 moris
962 915 1099 986 semper
1123 902 1206 979 erat,
1220 893 1380 984 ,primum

327 1023 366 1082 nt
386 1014 431 1082 de
454 1014 609 1100 lectione,
631 1013 756 1084 deinde
782 1014 826 1083 de
848 1014 1072 1107 explicatione
1091 1023 1194 1103 atque
1209 1012 1380 1106 interpre-

327 1133 454 1203 tatione
475 1135 655 1204 videretur.

430 1253 724 1348 circumspicienti
749 1267 860 1327 autern
880 1257 980 1344 mibi,
1016 1279 1121 1348 quum
1142 1256 1246 1325 editio
1268 1257 1382 1358 aliqua

328 1373 439 1443 minor
466 1375 597 1448 Lucani
630 1388 719 1448 esset
749 1378 915 1464 curanda,
964 1402 1067 1470 quem
1089 1387 1218 1448 textum
1242 1377 1381 1470 potissi-

328 1517 422 1564 mum
447 1519 607 1590 sequerer
628 1499 810 1590 operisque
830 1498 1095 1590 exscribendum
1119 1499 1253 1584 darem,
1281 1498 1383 1568 facile

330 1618 490 1707 apparuit
514 1620 603 1690 inter
633 1619 717 1688 duas
751 1618 965 1710 potissimum
990 1619 1075 1690 mihi
1102 1618 1276 1711 optionem
1308 1618 1384 1688 dari

329 1737 561 1827 recensiones,
603 1741 794 1834 vulgatam,
837 1763 925 1831 qnae
950 1765 972 1810 o
992 1738 1115 1811 Grotio
1141 1747 1253 1809 ortum
1278 1739 1384 1825 duxit,

330 1862 365 1923 et
390 1855 604 1947 Cortianam,
625 1883 713 1951 quae
736 1869 815 1929 ante
837 1859 903 1938 hos
926 1869 1061 1929 centum
1084 1868 1119 1928 et
1143 1858 1239 1949 quod
1262 1881 1385 1928 excur-

329 1974 375 2042 rit
394 1999 498 2049 annm
522 1981 661 2072 prodiit
711 1981 799 2048 Nam
822 1981 989 2052 Weberus
1010 1979 1046 2048 in
1070 1979 1202 2048 duabus
1220 2003 1303 2070 quas
1319 1980 1385 2048 ad-

331 2097 460 2167 curavit
483 2100 704 2187 editionibus,
728 2109 856 2176 textum
880 2099 994 2192 ipsum
1019 2098 1113 2190 quod
1139 2099 1273 2186 attinet,
1299 2097 1385 2168 nihii

330 2217 480 2307 mumvit,
507 2221 626 2292 sedin
647 2223 764 2306 altera,
786 2243 874 2311 quae
898 2219 1046 2292 Bentleii
1070 2228 1104 2288 et
1128 2219 1302 2312 Glercquii
1320 2241 1385 2288 no-

330 2345 381 2405 tas
407 2350 575 2430 praestat,
605 2342 781 2436 vulgatum
804 2338 919 2428 dedit,
950 2341 986 2409 in
1009 2342 1133 2427 altera,
1165 2362 1254 2432 qnae
1275 2340 1385 2411 Cortii

328 2457 494 2550 imprimis
522 2462 798 2531 commentarium
830 2471 865 2532 et
896 2462 1050 2554 Martyui
1080 2461 1246 2556 Lagnnae
1271 2461 1386 2553 aliqua

330 2574 461 2648 scholia
480 2576 599 2668 habet,
621 2583 671 2651 nti
691 2583 767 2652 fieri
788 2583 978 2652 necessario
995 2579 1157 2674 oportuit,
1177 2580 1388 2651 Cottianum.

330 2696 403 2768 Sed
429 2725 545 2771 earnm
575 2703 808 2772 incensionum
832 2713 985 2773 neutram
1009 2700 1117 2772 hodie
1141 2724 1244 2795 posse
1270 2709 1387 2793 aptam

328 2818 490 2906 iudicari,
526 2844 613 2912 quae
640 2823 834 2892 subiiciatur
855 2823 994 2891 editioni
1018 2801 1185 2893 lectorum
1209 2821 1284 2890 usui
1306 2843 1387 2889 vere

331 2939 572 3026 subventurae,
620 2964 688 3011 non
713 2952 797 3035 puto
827 2941 967 3012 dubium
993 2967 1067 3012 esse
1090 2944 1236 3028 debere,
1283 2963 1389 3031 quum

330 3058 479 3152 vulgata,
503 3071 643 3154 praeter
667 3063 972 3155 interpunctionem
998 3065 1134 3134 minim'c
1158 3060 1387 3154 probandam,

329 3176 510 3250 innumeris
537 3183 637 3252 etiam
663 3184 698 3252 in
723 3184 806 3252 locis
829 3183 991 3254 lectiones
1015 3183 1144 3255 habeat
1169 3185 1299 3274 absque
1322 3182 1388 3251 du-

330 3295 494 3370 bitatione
518 3302 736 3390 reiiciendas,
770 3303 907 3374 Cortius
934 3313 1063 3391 autem,
1090 3304 1126 3372 in
1149 3303 1247 3374 bonis
1274 3302 1388 3371 multis

331 3425 433 3509 atque
460 3424 645 3510 praeclaris
671 3448 758 3517 qnae
779 3422 934 3512 restitnit,
957 3425 1054 3494 nimis
1077 3425 1184 3494 multa
1208 3422 1310 3492 etiam
1333 3425 1390 3493 vel

331 3558 373 3606 ex
402 3537 539 3632 ingenio
569 3544 625 3612 vel
653 3567 694 3613 ex
719 3544 814 3613 libris
837 3545 1003 3629 intulerit,
1044 3546 1080 3614 in
1105 3544 1227 3636 quibus
1249 3545 1389 3639 uulgata

330 3657 433 3726 lectio
454 3682 529 3731 esso
553 3662 781 3753 praeferenda
803 3665 969 3736 rideatur.
1019 3665 1190 3734 Potuisset
1212 3686 1294 3733 sane
1313 3687 1389 3732 me-

331 3775 389 3844 dia
411 3781 579 3867 quaedam
600 3784 655 3854 via
677 3784 770 3871 iniri,
813 3782 1052 3875 Oudendorpii
1075 3794 1170 3855 textu
1192 3784 1389 3854 exscriben-

332 3895 397 3980 ‹io3
448 3900 510 3970 sed
540 3901 568 3971 is
601 3903 677 3994 ipse
715 3926 853 3995 quoqne
890 3906 925 3973 in
956 3904 1061 3999 longe
1092 3907 1267 3997 plerisque
1291 3906 1389 3990 loeis,

333 4039 421 4105 qnae
445 4017 694 4111 discrepantem
715 4024 884 4116 praebent
903 4024 1100 4112 lectionem,
1135 4027 1310 4121 vulgatam
1333 4047 1390 4094 se-

334 4136 465 4233 quitur,
496 4139 530 4210 in
556 4142 676 4232 quibus
704 4168 744 4211 ea
770 4144 920 4214 debebat
942 4145 1130 4231 emendari,
1163 4169 1225 4215 nec
1251 4144 1389 4214 omnino
