2782 4942
532 350 719 400 solmonat
849 399 851 403 ,
1111 353 1159 399 Π

102 521 155 589 rio
173 518 268 604 tilio,
294 517 437 586 alterum
462 539 504 586 ex
528 516 738 588 bibliotheca
763 515 958 587 academica
978 517 1158 609 Lipsiensi,

100 640 252 710 tertimn
271 663 292 707 a
313 639 514 726 Weidnero,
561 646 719 728 quartum
743 661 785 707 ex
806 638 1007 708 Fabricium
1031 639 1158 708 biblio-

102 761 216 830 theca.
269 759 399 828 Eorum
424 760 590 830 variantes
611 761 647 828 in
671 760 825 853 margine
851 759 1040 844 adnotavit,
1064 759 1161 852 ipsos

102 882 193 952 notis
216 903 285 979 non
311 880 479 967 distinxit,
527 889 657 950 textam
685 892 797 951 antem
820 880 915 950 hand
935 882 1053 972 paucis
1075 881 1159 949 loeis

105 1009 148 1072 ex
169 1002 210 1070 iis
233 1001 449 1071 emendatum
470 1002 576 1073 dedit.
626 1002 809 1072 Praeterea
832 1023 940 1094 parva
955 1000 1085 1072 scholia
1100 1022 1160 1071 ex-

105 1122 269 1214 plicantia
303 1123 435 1192 adiecit.
509 1125 548 1193 ln
580 1123 649 1193 tine
674 1122 800 1217 iegitur
827 1146 964 1193 cannen
993 1122 1039 1194 ad
1061 1123 1161 1192 Piso-

107 1266 206 1329 nem,
234 1242 486 1313 aBersmanno
516 1245 750 1330 mandatnm,
780 1244 875 1337 qnod
898 1265 967 1338 ego
989 1243 1048 1312 hie
1074 1243 1160 1313 adii-

108 1387 187 1433 cere
209 1365 312 1448 nolui,
337 1374 412 1434 ntnt
435 1387 515 1434 aare
539 1344 669 1435 Lucani
692 1366 749 1449 sit3
774 1386 880 1458 porro
894 1362 1081 1437 camerarii
1099 1385 1163 1433 no-

108 1493 165 1554 tae
185 1487 234 1554 ad
254 1487 312 1556 lib.
338 1488 365 1555 1.
390 1487 604 1573 Pharsaliae,
649 1485 818 1580 Scaligeti
841 1495 942 1555 notae
966 1486 1012 1555 ad
1034 1485 1097 1555 ecl.
1115 1485 1164 1554 ad

110 1606 286 1692 Pisonem,
307 1605 444 1698 Micylli
468 1616 570 1677 notae
592 1606 628 1676 in
649 1605 877 1691 Pharsaliam
897 1607 1046 1699 denique
1067 1606 1164 1676 Pett-

110 1727 225 1795 manni
248 1726 363 1798 variae
388 1727 549 1798 lectiones
571 1750 615 1798 ex
639 1728 875 1821 manuscriptis
901 1739 936 1801 et
960 1728 1166 1798 editionibus

111 1846 266 1938 antiquis.

214 1968 324 2036 Porro
365 1969 554 2040 Schrevelii
593 1972 714 2058 editio,
762 1994 839 2041 cnm
864 1971 953 2041 notis
986 1969 1167 2052 variorum,

113 2089 229 2181 Lngd.
250 2089 327 2159 Bat.
351 2087 461 2177 1658,
484 2093 542 2182 qui
567 2094 602 2162 in
618 2103 716 2164 ‘texto
739 2091 898 2164 Grotium
919 2091 1080 2184 sequitur,
1095 2090 1167 2159 Va-

114 2209 244 2281 riorum
267 2220 364 2280 notas
389 2210 556 2303 imprimis
576 2237 619 2286 ex
640 2214 836 2300 Hortensio,
861 2213 1020 2306 Sulpitio,
1034 2211 1168 2282 Salma-

115 2331 178 2416 sio,
201 2333 388 2419 (simonio,
413 2333 585 2403 Famabio
605 2335 747 2427 aliisque
767 2336 908 2405 selectas
923 2333 1074 2419 exhibet,
1099 2330 1171 2401 dit-

73 2438 75 2443 ’
115 2452 260 2522 ficiiiora
284 2463 396 2543 antem
416 2477 526 2546 paene
550 2456 662 2525 omnia
686 2465 911 2548 praepostere
932 2454 1091 2546 explicita
1103 2451 1171 2522 itau

116 2573 194 2657 bet;
243 2575 335 2644 ande
365 2575 626 2667 explicationum
649 2576 722 2646 eins
741 2599 812 2645 non
835 2598 980 2673 magnus
1000 2575 1046 2646 ad
1070 2572 1172 2644 iintel-

118 2695 245 2764 leetmn
268 2717 386 2767 verum
405 2698 535 2766 Lucani
555 2705 670 2789 potest
690 2696 832 2767 indicari
856 2720 945 2768 usus.
997 2695 1107 2767 Addit
1118 2693 1174 2763 io-

120 2838 199 2888 num
223 2839 266 2888 ex
284 2818 459 2904 Petronio,
484 2818 759 2910 supplementum
778 2816 877 2905 Maii,
896 2819 1062 2890 variantes
1076 2814 1175 2886 coti-

120 2957 200 3005 etms
231 2938 352 3029 quibas
381 2939 434 3009 usi
463 2951 540 3010 sunt
565 2941 771 3011 Pomanus
791 2949 827 3010 et
850 2941 1095 3022 normannus,
1141 2943 1177 3004 et
1236 2974 1239 2980 ·

119 3058 157 3127 in
181 3059 250 3128 fine
270 3057 420 3130 indicem
446 3059 525 3130 satis
549 3062 725 3155 copiosum
746 3071 781 3134 et
796 3061 958 3156 'diligenti
977 3045 1079 3132 manu
1092 3077 1177 3133 con·

121 3186 268 3273 gestum,
294 3180 328 3248 in
354 3204 434 3272 quo,
459 3183 554 3272 qnod
577 3181 719 3270 misem,
745 3196 927 3254 occurrant
949 3178 1120 3251 interdum
1140 3185 1179 3246 et

122 3299 285 3370 lectiones
317 3309 353 3370 et
381 3301 674 3394 interpretationes
705 3305 813 3400 longe
840 3303 928 3374 ,aliae
959 3313 1062 3395 atque
1094 3321 1177 3392 qnae

122 3419 230 3489 habet
269 3420 345 3514 ipse
382 3421 616 3510 Sehrevelim3
663 3449 748 3519 quas
783 3426 859 3498 tero
891 3446 1011 3498 omnes
1048 3419 1180 3514 recepit

123 3540 272 3614 Gerous.

73 3702 76 3709 ·
227 3663 338 3738 Venio
376 3690 465 3738 nnnc
495 3666 550 3738 ad'
573 3664 814 3762 Oudendorpii
844 3665 1045 3751 editionem,
1092 3687 1180 3757 qnae

124 3786 243 3883 Lngd.
266 3788 343 3859 Bat
364 3789 494 3882 prodiit
518 3788 629 3860 1728.
649 3787 686 3860 4.
706 3811 785 3858 cum
804 3787 938 3859 soecos
959 3787 1109 3856 mnium
1122 3807 1183 3856 sn-

125 3906 301 4000 poriornm
327 3909 495 3981 editorum
519 3911 626 3998 notis,
673 3919 708 3980 et
740 3909 944 3980 varianfibns
980 3906 1182 3977 lectionibus

126 4049 171 4099 ex
195 4029 246 4100 vl
268 4030 371 4103 totid.
395 4033 568 4104 vastam
587 4033 623 4102 in
642 4029 854 4103 bibliothece
874 4026 1096 4125 Lopdimensi
1115 4025 1181 4096 ad-

128 4152 286 4240 servatis,
312 4175 354 4224 ex
378 4154 583 4242 Divionensi,
610 4153 742 4226 dnobus
767 4149 1022 4237 Parisiemibus,
1048 4147 1181 4221 duobus
