2782 4942
473 359 602 408 uocatu
628 356 723 407 vira·
1010 356 1121 406 mm

475 521 546 586 Tibi
563 525 676 587 eerts'or
694 523 797 584 omniu
816 529 904 588 votet

113 630 188 715 lpse
209 636 299 691 tonet
323 625 437 690 Siculis
455 628 579 709 genitor
598 626 763 710 Pompeius
784 627 817 688 in
838 627 937 701 aruo,
958 633 1016 689 ete.

69 775 106 843 in
137 795 209 864 quo
239 771 310 840 sine
344 770 456 869 dubio
480 769 706 862 Vugiliauum
730 767 913 838 Anchisem
937 767 1122 838 imitaturus

70 894 202 980 finisset,
222 893 360 963 Aeneae
381 889 454 957 lilio
477 910 564 979 quae
590 897 730 958 ventura
750 897 862 956 essent
879 888 1122 958 vaticinantem.

72 1013 235 1084 Ceterum
257 1008 434 1080 Pharsalia
453 1029 577 1077 nomen
603 1031 644 1077 ex
666 1007 777 1100 prima
801 1007 1024 1079 declinatione
1049 1031 1124 1079 esse

72 1131 296 1218 flectendum,
338 1152 407 1201 uon
432 1129 661 1214 exsecranda,
686 1136 724 1197 ut
745 1127 883 1219 quidam
908 1129 1041 1215 fecere,
1066 1128 1125 1220 qui

71 1275 140 1344 pro
165 1249 290 1345 plurali
314 1249 469 1320 videntur
491 1247 662 1333 habuisse,
686 1258 831 1340 apparet
856 1248 1027 1339 exipsius
1051 1248 1125 1319 Lu-

73 1371 152 1441 oaui
171 1371 284 1441 verbis
309 1392 413 1460 supra
437 1368 505 1438 iam
527 1367 649 1453 allatis,
675 1391 764 1460 quae
787 1369 947 1463 leguntur
961 1369 1051 1438 libro
1066 1368 1125 1456 lX,

74 1515 123 1561 vs.
156 1487 241 1560 985.
269 1489 329 1558 ubi
355 1488 552 1557 Pharsaliae
585 1509 709 1557 nomen
738 1510 814 1557 oum
838 1489 945 1559 verbo
965 1488 1128 1584 singulari

74 1632 217 1682 numero
241 1611 355 1702 posito
380 1617 609 1681 constructum
630 1606 908 1700 deprehenditur.

178 1732 320 1801 Praeter
344 1726 556 1798 Pharsaliam
581 1708 693 1800 antem
716 1729 804 1799 inter
827 1730 990 1799 catalecta
1004 1741 1128 1823 poeta-

76 1876 153 1923 rum
181 1853 308 1922 Nostro
333 1849 490 1920 tribuitur
521 1848 623 1919 etiam
650 1873 786 1919 carmen
812 1849 1059 1946 panegyricum
1083 1851 1130 1922 ad

78 1971 302 2066 Calpurnium
325 1967 501 2056 Pisonum,
550 1967 587 2037 in
612 1989 681 2070 quo
704 1969 836 2039 Pisonis
859 1982 894 2041 et
915 1970 1076 2062 publicae
1095 1983 1130 2042 et

77 2093 232 2186 privatae
252 2090 371 2161 laudes
399 2090 590 2159 celebratae
616 2098 693 2158 sunt
715 2113 737 2158 a
762 2099 866 2182 poeta
896 2092 1049 2161 noudum
1078 2090 1130 2159 vi-

79 2213 247 2310 gesimum
272 2230 396 2281 anuum
415 2210 579 2303 ingresso.
627 2208 710 2295 ¹Quo
730 2210 766 2278 in
790 2212 937 2282 carmine
964 2209 1034 2282 hoo
1053 2236 1131 2283 oer-

79 2345 152 2406 tum
171 2357 247 2404 esse
269 2331 419 2416 videtur,
443 2353 532 2421 quae
553 2328 588 2397 in
610 2328 756 2426 vulgatis
780 2326 983 2402 aditionibus
1009 2333 1131 2428 legun-

80 2465 177 2526 tura
200 2477 248 2522 vs.
273 2449 349 2522 25⁰
372 2472 480 2541 usque
506 2449 552 2518 ad
574 2451 696 2535 linem⁹
727 2449 927 2522 collocanda
952 2472 1028 2524 esse
1052 2463 1133 2545 post

80 2595 217 2647 versum
234 2571 297 2657 tl,
322 2569 611 2662 quemadmodum
635 2579 728 2640 reete
751 2579 786 2639 et
807 2573 843 2640 iu
867 2569 1074 2665 Gryphium
1097 2583 1133 2644 et

80 2691 346 2767 Bersmanuiana
368 2686 518 2761 editione
547 2691 675 2760 laetum
709 2701 770 2761 est.
842 2689 1004 2766 Ceterum
1033 2691 1133 2763 liuius

81 2811 249 2908 poenalis
276 2812 379 2883 lectio
401 2811 438 2880 in
459 2809 661 2881 editionibus
685 2810 733 2881 ita
755 2812 845 2883 mals
869 2813 952 2883 duur
974 2821 1027 2884 ast
1050 2832 1134 2884 oon-

83 2935 215 3020 muta,
246 2940 285 3002 ut
300 2931 374 3005 ¹nisi
396 2931 463 3005 alia
483 2931 686 3023 supellectili
708 2931 863 3003 adhrlrlta
884 2953 997 3024 neque
1018 2955 1135 3008 sonem

83 3063 177 3125 neoto
200 3050 368 3122 declarari
388 3073 500 3144 noque
525 3046 630 3121 dictio
654 3052 743 3122 bens
767 3050 940 3122 emendari
960 3052 1078 3144 possit

186 3169 279 3242 Vixit
313 3171 471 3242 Lucanus
500 3169 547 3240 ad
577 3170 778 3264 vigesimum
805 3172 987 3265 septimum
1018 3175 1134 3245 aetatis

85 3315 227 3377 annum
263 3290 368 3383 periit
389 3289 479 3361 euim
503 3290 539 3361 in
563 3288 791 3363 coniuratione
810 3292 990 3364 Pisoniana
1013 3294 1137 3366 eodem

85 3412 203 3484 mortis
226 3433 370 3505 genere,
401 3432 471 3502 quo
492 3420 528 3482 et
550 3421 692 3503 patruos
713 3409 784 3482 eius
808 3411 940 3483 Seueoa
959 3413 1005 3484 ab
1024 3413 1137 3483 Nero·

85 3559 129 3606 ne
149 3541 203 3604 est
223 3531 437 3615 interemtum
484 3532 530 3601 de
554 3554 623 3623 qua
645 3553 684 3601 re
705 3531 872 3626 legendus
893 3531 1036 3607 Toou·
1062 3532 1139 3602 An·

85 3655 211 3727 nulium
247 3651 340 3721 libro
371 3651 516 3722 decimo.
590 3650 746 3722 Deeemit
776 3660 890 3721 autem
918 3648 1032 3743 pridie
1062 3649 1138 3723 Gal·

85 3773 184 3860 Maii,
208 3772 332 3842 eodem
354 3794 443 3844 armo
465 3793 534 3863 quo
562 3770 681 3843 oomul
706 3780 758 3841 est
782 3770 995 3865 designatum
1020 3771 1138 3863 sepul·

86 3904 207 3986 tuaque
234 3901 287 3961 est
310 3891 346 3961 in
366 3890 475 3961 hortis
500 3892 584 3978 suis,
628 3914 714 3983 quos
735 3890 984 3985 pulcherrimos
1007 3889 1138 3961 habuit

87 4018 166 4108 lpse
189 4012 283 4087 Nero
304 4013 336 4082 ei
358 4011 493 4082 iussisse
515 4010 591 4081 lieri
610 4013 745 4084 videtur
764 4011 1028 4104 inscriptionem,
1051 4033 1140 4102 quae

88 4133 221 4206 inventa
249 4142 301 4203 est
327 4133 461 4204 Romae
480 4134 514 4202 io
539 4129 610 4201 divi
630 4131 742 4203 Paulli
778 4131 910 4226 templo
929 4129 986 4201 luis
1009 4129 1139 4203 sarbiae
