2782 4942
304 358 384 410 mv
741 360 926 412 poterone.

310 523 510 597 Curionum
536 520 659 591 donico
686 547 706 591 a
731 527 876 612 minore,
899 539 952 607 et
973 529 1023 614 11,
1061 528 1155 619 440,
1186 547 1255 624 quo
1278 536 1356 605 loco

307 648 356 716 sie
377 642 517 714 inchoat
536 641 785 714 hexametrum:
823 645 1002 718 Gaudere
1029 649 1296 740 dehereeias,
1322 665 1357 724 et

308 763 590 837 constructionem
612 763 731 849 infert,
756 785 843 854 quae
868 789 1052 858 numquam
1076 771 1202 861 poterit
1224 774 1356 844 Roma.

305 910 350 957 na
372 883 496 955 vocari
567 883 665 953 ldem
688 893 802 953 tamen
827 886 960 956 duobus
986 896 1044 957 aut
1066 890 1174 959 tribua
1194 891 1279 962 locis
1304 895 1358 962 ie-

280 1006 433 1076 ctiones
458 1003 565 1073 habet
592 1005 922 1092 commemorabiles,
948 1029 968 1076 e
994 1009 1116 1096 quibus
1141 1034 1243 1080 unam
1268 1013 1357 1082 adeo

303 1129 339 1196 in
364 1134 492 1195 textam
516 1124 746 1215 recipiendum
770 1125 862 1210 duri,
885 1126 943 1197 lib.
965 1127 1042 1214 vu,
1067 1126 1141 1200 751
1168 1128 1276 1201 Scire
1290 1154 1357 1202 oo·

306 1248 386 1317 iuni
411 1266 476 1336 pro
498 1245 610 1315 ieiuna
633 1245 692 1313 iila
716 1245 853 1338 vulgata
878 1240 987 1317 Scire
1008 1250 1147 1336 volunt,
1172 1250 1357 1321 certissime

305 1377 413 1452 ratus,
458 1364 637 1455 lllycinum
675 1364 772 1432 ilium
804 1365 840 1432 in
872 1365 1045 1437 codicibus
1079 1369 1145 1438 suis
1179 1370 1355 1457 invenisse,

304 1487 401 1579 quod
426 1485 462 1552 in
490 1482 556 1552 hac
585 1483 800 1552 similitudine
827 1484 1000 1557 litemium
1029 1499 1064 1558 et
1088 1491 1124 1559 in
1148 1494 1254 1562 verbo
1278 1503 1355 1562 tan-

303 1618 423 1699 topere
448 1605 571 1673 usitato
599 1602 721 1693 reliqui
751 1626 866 1675 omnes
896 1630 964 1676 non
995 1633 1176 1705 agnovere.
1226 1612 1266 1682 In
1288 1637 1355 1705 qua

303 1729 394 1799 resi
419 1727 517 1810 Tibi,
553 1727 689 1806 linum,
726 1722 813 1793 iusto
836 1727 954 1815 paullo
978 1729 1140 1801 audacior
1161 1733 1250 1802 risus
1277 1734 1353 1802 iue-

302 1851 381 1919 rim:
410 1844 690 1916 constructionem
714 1842 853 1934 quidem
879 1847 973 1935 qnod
998 1849 1126 1938 attinet,
1151 1861 1186 1921 et
1209 1851 1355 1923 Ouden-

302 1970 462 2060 dorpium
492 1976 527 2034 et
553 1963 706 2032 Cortium
735 1965 820 2033 scito
850 1966 993 2035 eandem
1018 1968 1093 2039 fere
1120 1969 1289 2058 habere‚.
1318 1987 1354 2043 ut

303 2090 361 2182 qui
385 2084 596 2178 reposuerint
623 2079 733 2151 Scire
756 2092 884 2171 ruent,
911 2088 1005 2177 quod
1031 2090 1076 2159 ad
1102 2115 1236 2162 sensum
1261 2094 1351 2162 idem

301 2213 374 2280 iere
396 2217 447 2277 est
472 2226 548 2273 cum
570 2210 685 2271 nostra
707 2203 861 2275 lectione.

403 2328 468 2397 His
491 2324 596 2419 igitur
623 2347 711 2414 quae
745 2325 815 2395 dixi
845 2327 1054 2400 adminiculis
1078 2331 1148 2402 hoc
1174 2357 1230 2403 me
1259 2358 1352 2405 asse·

302 2454 415 2522 cutum
440 2470 514 2518 esse
540 2466 660 2536 spero,
706 2446 801 2536 quod
831 2450 1098 2539 assequimini,
1145 2453 1294 2545 primum
1316 2466 1371 2524 uti

299 2575 472 2667 vulgatam
494 2567 540 2636 ad
565 2576 694 2636 certum
721 2566 869 2657 aliquem
892 2569 1034 2656 librum,
1080 2572 1139 2664 qni
1165 2571 1261 2644 haud
1284 2577 1351 2644 im-

279 2690 496 2786 probandus
522 2695 627 2771 esset,
657 2686 889 2774 emendarem,
914 2687 1041 2760 deinde
1063 2700 1100 2760 ut
1123 2694 1350 2764 rescinderem

299 2813 511 2908 superiorum
537 2829 654 2876 omnes
676 2828 732 2875 eas
754 2805 1025 2895 emendationes,
1052 2812 1174 2904 quriaus
1195 2836 1265 2883 non
1286 2815 1352 2884 ad-

298 2935 537 3026 stipularentur
561 2950 679 2997 eorum
703 2927 867 2996 libiorum
891 2928 1072 3017 lectiones,
1109 2933 1169 3023 qui
1188 2931 1272 3002 mihi
1297 2935 1352 3002 in·

296 3063 437 3124 notnere
462 3059 496 3120 et
522 3069 606 3140 qnos
633 3069 701 3143 ego
726 3047 917 3139 sequendos
943 3047 1040 3133 duxi3
1061 3050 1208 3143 denique
1232 3063 1271 3124 ut
1284 3055 1352 3124 bo-

296 3197 341 3244 na
366 3171 466 3242 etiam
491 3166 600 3240 Cottii
620 3169 865 3260 amplecterer,
900 3175 936 3237 et
959 3166 1124 3259 imprimis
1147 3171 1217 3242 eius
1243 3175 1351 3244 inter·

295 3293 513 3386 punctionem
537 3309 713 3381 sequerer,
754 3290 905 3381 exceptis
929 3287 1003 3374 lm,
1030 3290 1210 3382 inquibus
1237 3293 1281 3361 ab
1306 3317 1347 3364 eo

294 3410 524 3484 recedendum
552 3415 697 3501 propter
729 3417 864 3478 sensum
894 3419 930 3479 et
954 3418 1100 3503 propter
1125 3411 1260 3482 codices
1289 3438 1345 3483 ur-

293 3532 444 3602 bitrarer.
497 3529 643 3622 Semper
667 3536 779 3599 autem
807 3529 966 3622 equidem
989 3529 1192 3617 existimari,
1218 3535 1346 3603 aratin-

292 3676 370 3723 nem
395 3650 648 3741 dictionemqne
669 3626 821 3718 auctoris⁴
836 3647 967 3718 nonnisi
986 3648 1033 3719 ita
1053 3661 1146 3720 recte
1162 3673 1267 3743 posse
1286 3678 1344 3725 re-

292 3772 394 3855 stitui,
420 3772 448 3839 si
471 3770 604 3864 integer
625 3777 736 3838 textus
760 3768 917 3863 vulgatus
944 3790 1021 3838 cum
1046 3792 1114 3840 uno
1139 3783 1232 3843 certe
1256 3775 1345 3844 libro

292 3893 441 3983 antiquo,
470 3890 528 3980 qui
552 3889 750 3981 probandus
776 3898 876 3974 esset,
900 3888 1108 3958 adverbum
1132 3915 1152 3958 a
1174 3893 1344 3985 principio

291 4035 397 4104 usque
422 4010 468 4080 ad
491 4010 594 4078 iinem
615 4017 772 4080 accurate
795 4008 1017 4092 conferretur,
1041 4010 1086 4079 ad
1109 4034 1264 4101 eumque,
1290 4014 1343 4082 iu-

291 4131 400 4216 dicio,
438 4153 506 4222 quo
532 4137 725 4219 oporteret,
765 4126 939 4211 adhibito,
976 4130 1031 4199 rei
1056 4130 1147 4199 bona
1173 4132 1227 4200 vel
1253 4133 1345 4201 mula
