2782 4942
278 349 353 401 ml
742 347 926 397 nrrsronn.

279 518 349 588 tani
374 521 563 584 assecutum
588 535 662 582 esse
687 515 842 584 arbitror.
906 516 993 584 Nam
1023 515 1082 605 qni
1110 539 1153 586 ex
1181 517 1338 610 Martyni

280 640 445 732 Lagunae
471 633 708 704 additamentis
739 638 882 706 multum
912 660 949 704 se
983 637 1040 706 vel
1070 637 1116 706 ad
1147 639 1250 708 crisin
1282 651 1338 720 rel

282 761 327 832 ud
351 737 558 829 intellectum
581 755 711 825 Lucani
735 759 905 849 proficere
929 779 1033 848 posse
1054 760 1254 849 speraverit,
1274 781 1339 829 nae

283 883 310 950 is
336 875 477 973 egregie
504 875 700 946 frustratum
730 902 804 948 sese
828 878 976 949 senserit.
1028 880 1112 949 Eius
1133 880 1226 949 eninr
1249 901 1339 972 ope·

283 1026 339 1087 ra,
371 998 491 1068 saltem
513 996 549 1064 in
574 994 628 1064 his
655 1016 743 1086 quae
768 1008 896 1085 extant,
921 1022 1062 1091 prorsus
1087 1000 1186 1069 nihili
1210 1008 1264 1069 est
1284 999 1340 1070 iu·

284 1119 447 1204 dicanda,
499 1116 629 1207 quippe
657 1118 716 1205 qui
740 1119 787 1188 ita
805 1129 896 1189 totus
921 1122 965 1190 ab
986 1121 1098 1192 Cottii
1120 1119 1247 1189 iudicio
1273 1141 1341 1211 pe-

283 1239 459 1334 penderit,
506 1247 545 1304 ut
583 1247 713 1307 tantum
744 1262 812 1310 non
846 1242 972 1331 ubique
1003 1242 1035 1311 ei
1063 1241 1347 1330 adstipulantur,

283 1383 449 1451 nusquam
473 1359 546 1428 fere
571 1357 747 1448 proprium
771 1363 916 1451 aliquid,
949 1362 1043 1452 quod
1063 1341 1154 1430 vero·
1167 1360 1243 1430 usui
1265 1384 1342 1430 csse

285 1489 418 1576 posset,
467 1478 633 1565 adferret,
685 1482 971 1570 quemadmodum
1003 1504 1249 1573 saepenumero
1273 1482 1340 1551 illis

286 1601 442 1673 accidere
466 1599 570 1684 solet,
615 1600 674 1689 qui
696 1602 809 1693 potius
833 1603 869 1672 in
896 1601 1147 1672 accumsdandis
1171 1614 1207 1673 et
1231 1603 1342 1694 'mapi-

287 1723 414 1794 onnon
443 1720 501 1789 hic
535 1720 626 1806 illic,
669 1744 772 1810 quarn
808 1733 901 1793 recte
930 1723 1133 1816 usurpandis
1164 1723 1342 1794 codicibus

286 1842 557 1930 editionibusque
603 1842 770 1912 veteribus
818 1843 1017 1914 industriam
1061 1867 1158 1914 suam
1199 1853 1341 1934 ponunt

288 1965 450 2036 Cetesmn
487 1960 642 2032 Cortinm
681 1963 775 2033 haud
804 1987 882 2033 raro
909 1966 945 2033 in
976 1965 1123 2035 metricis
1142 1965 1342 2058 impegisse,

288 2095 342 2155 cst
369 2107 450 2155 sane
479 2085 572 2172 quod
604 2084 732 2154 mireris
756 2085 791 2152 in
818 2085 1050 2156 hominatum
1074 2086 1179 2156 docto
1201 2094 1343 2175 tumque

289 2205 419 2278 subacti
443 2204 568 2273 iudicii.
620 2205 785 2273 Producit
810 2206 900 2275 enim
924 2203 1101 2293 Phoron,
1149 2204 1255 2275 uvidi
1280 2228 1342 2276 au-

287 2338 358 2397 tem
380 2336 414 2395 et
435 2322 567 2396 leuiter
592 2326 750 2417 corripit,
777 2339 812 2395 et
837 2327 903 2395 alia
924 2329 1093 2416 quaedam
1118 2326 1226 2398 habet
1248 2326 1344 2396 simi-

288 2450 351 2535 lia,
387 2469 474 2538 quae
500 2469 563 2537 per
589 2469 625 2516 se
646 2448 714 2515 iam
740 2447 909 2533 efficiunt,
946 2457 985 2517 ut
1010 2447 1080 2517 eius
1103 2458 1222 2533 textus·
1242 2472 1344 2517 num·

289 2591 391 2660 quam
420 2568 528 2659 possit
559 2566 605 2635 ad
637 2567 814 2661 vulgarem
839 2591 936 2637 usum
970 2570 1216 2654 commendari3
1264 2592 1345 2639 narn

192 2699 195 2703 ’
288 2690 444 2761 Lucanus
480 2687 637 2779 prolecto
676 2709 842 2777 numnam
879 2698 997 2759 contra
1036 2690 1160 2759 iustam
1196 2689 1345 2759 Romani

289 2810 357 2879 oris
405 2808 603 2900 prosodiam
649 2809 855 2878 commisisse
902 2812 946 2882 ab
991 2833 1164 2901 quoquam
1201 2810 1345 2884 iurh‘cari

289 2930 404 3008 debet.

288 3075 291 3082 ·
391 3049 564 3120 Bentlcius
600 3051 649 3119 nti
682 3049 720 3119 in
752 3052 825 3120 aliis
863 3063 1007 3144 propter
1033 3052 1232 3126 incredibile
1261 3069 1346 3122 acu-

289 3193 369 3244 men
404 3170 530 3264 ingenii
568 3170 638 3240 sine
670 3171 784 3252 ,dubio
807 3196 952 3267 magnus
979 3173 1157 3244 habendus
1191 3182 1226 3242 et
1257 3172 1346 3241 inter

286 3293 451 3369 maximus
480 3313 635 3382 quosque
657 3294 886 3382 extollendus,
927 3295 975 3364 ita
1002 3295 1039 3363 in
1061 3295 1202 3366 huoauo
1231 3303 1347 3363 tamen

287 3414 398 3508 wrrangis
418 3413 499 3483 ideo
522 3423 573 3484 cst
595 3414 831 3501 adrnirandus,
878 3414 973 3506 quod
992 3419 1064 3484 tam
1088 3415 1175 3484 falsa
1195 3412 1356 3504 potuerit

287 3533 462 3625 prolerre,
513 3546 690 3627 turresque
730 3557 863 3605 omres
897 3546 991 3607 tanta
1027 3535 1185 3606 doctrina
1220 3535 1346 3628 eloqui,

285 3665 432 3744 quantos
455 3657 605 3726 elocutus
628 3666 695 3741 θείς
740 3656 777 3725 id
803 3657 896 3746 quod
918 3658 999 3733 inde
1023 3658 1158 3746 absque
1178 3655 1284 3726 dubio
1313 3646 1346 3725 ei

289 3775 429 3862 accidit,
453 3777 546 3867 quod
568 3778 722 3868 opinatus
745 3786 814 3865 est,
838 3801 941 3870 posse
965 3781 1140 3869 Lucanum
1161 3783 1198 3848 et
1219 3774 1345 3849 noui-

288 3895 326 3987 gr'
347 3896 480 3984 penitus
505 3906 539 3966 et
564 3898 725 3989 explicari
751 3902 806 3970 vel
832 3923 852 3970 a
878 3900 1074 3970 doctissimo
1099 3896 1254 3986 homine,
1282 3921 1346 3967 an·-

288 4023 425 4103 tequam
449 4017 551 4088 etiarn
574 4021 744 4114 integrum
767 4022 911 4092 fortasse
934 4020 1133 4116 perlegerit,
1151 4019 1346 4114 ingenium-

290 4155 356 4225 que
387 4137 456 4208 eius
480 4148 514 4210 et
533 4138 688 4224 indolem
712 4163 847 4214 munem
872 4142 921 4212 illi
946 4141 1123 4234 propriam
1144 4152 1238 4213 recte
1261 4164 1345 4233 per·
