2782 4942
358 325 405 373 Π
795 318 981 367 armona

359 492 405 560 da
429 489 580 571 videtum
607 486 653 555 oi.
677 485 826 554 indicem
845 507 878 553 v.
903 481 1118 579 Spumare.)
1170 485 1301 558 Porro:
1340 498 1374 551 ἐ

359 612 418 682 ubi
441 607 602 702 inteiligit
613 606 833 676 Germaniam
859 604 1101 695 irruptionibus
1116 606 1382 701 barbarornmp

359 733 537 802 decessum
563 728 798 797 Romanorum
818 723 1037 815 patefactam
1088 724 1177 794 Dein
1199 727 1233 812 l,
1263 724 1352 799 589.
1389 738 1391 787 ι

359 851 419 922 93.
449 848 534 920 126.
564 845 650 916 162.
682 844 769 917 266.
792 842 878 914 256.
903 843 989 914 216.
1016 845 1080 935 (ad
1105 867 1208 936 quem
1231 846 1350 931 locum
1384 882 1391 908 ι

357 973 426 1057 vl,
463 967 568 1058 866.)
601 976 636 1036 et
661 965 709 1035 sio
733 986 841 1057 porro
863 966 1055 1049 innumera3
1103 978 1141 1035 ut
1166 989 1267 1036 nemo
1291 968 1377 1039 de>

357 1093 547 1162 existimare
583 1110 620 1157 se
653 1085 844 1180 intelligere
869 1085 1060 1172 Lucanum,
1102 1086 1166 1155 nisi
1192 1087 1312 1159 melius
1341 1089 1389 1161 01

308 1256 321 1271 ·
358 1212 551 1304 dendorpio
575 1206 755 1301 intelligat
1099 1294 1104 1299 ι

421 1356 425 1363 ’
458 1333 691 1416 Burmannus,
743 1327 837 1398 cuius
867 1328 972 1398 editio
997 1329 1161 1422 Lugduni
1184 1331 1262 1401 Bet
1285 1335 1391 1425 pro‘

358 1452 468 1523 174⁰.
495 1452 531 1522 4.
558 1453 593 1521 in
613 1461 709 1521 textu
732 1448 916 1542 plerasque
944 1446 1186 1542 Oudendorpii
1212 1455 1369 1523 mutatio
1387 1488 1391 1517 ;

355 1575 498 1665 recepit,
522 1573 558 1642 iu
584 1572 704 1643 ceteris
729 1572 904 1666 volgatam
927 1568 1089 1653 restituit3
1113 1570 1190 1661 ipse
1209 1575 1385 1665 paneiss'

356 1695 502 1781 novavit,
520 1694 727 1783 omninoque
749 1715 834 1777 sese,
854 1691 904 1761 uti
924 1689 1063 1793 faciunt,
1085 1690 1144 1779 qui
1160 1701 1234 1761 tnta
1264 1724 1270 1753 ι
1306 1694 1336 1780 '2
1376 1731 1380 1756 ι

356 1817 391 1884 in
416 1815 632 1886 emendando
655 1834 824 1906 perquam
852 1812 1027 1896 timidum,
1049 1819 1085 1878 et
1109 1812 1217 1880 multo
1240 1814 1345 1883 etiam
1379 1847 1386 1876 ι

355 1936 534 2005 midiorem
563 1933 752 2026 praestitit,
798 1954 901 2023 qaam
934 1928 1210 2023 Oudendorpius.
1285 1936 1387 2005 Nae

355 2064 428 2124 erat
452 2055 666 2125 Burmannus
692 2054 866 2144 exemplar
886 2050 1041 2121 editionis
1059 2050 1284 2142 Gryphinnae
1302 2053 1391 2139 154

356 2176 448 2245 cuius
470 2175 616 2266 margini
639 2175 798 2244 Heinsius
818 2172 985 2243 variantes
1010 2171 1167 2241 codicum
1191 2173 1391 2247 25nna01

355 2296 422 2364 suis
443 2295 643 2366 coniecturis
670 2297 853 2366 adleverat.
904 2291 947 2362 ld
969 2293 1013 2362 sb
1039 2315 1082 2368 eo
1107 2294 1280 2364 Bentleius
1314 2327 1335 2357 ·.
1359 2327 1391 2357 ··.

354 2416 471 2502 tierat,
519 2416 555 2486 in
577 2441 675 2488 usum
700 2437 799 2486 suum
818 2436 1058 2499 conversurus,
1098 2436 1203 2504 quum
1227 2414 1391 2487 editione

354 2546 508 2627 pararet,
554 2537 704 2629 itemque
738 2535 894 2618 Cortins3
943 2544 979 2603 at
1007 2534 1066 2603 ille
1102 2535 1225 2604 Euclio
1257 2537 1387 2607 noluer

355 2680 451 2727 sunm
472 2657 669 2728 thesaurum
693 2657 760 2726 illis
786 2654 1024 2738 commodare,
1057 2654 1313 2745 inimicitiasque
1346 2690 1382 2719 u:

354 2800 439 2871 guas
470 2778 551 2847 inde
573 2778 638 2847 sibi
668 2800 787 2846 eorum
809 2776 971 2845 conflatas
998 2773 1118 2861 iactat,
1167 2797 1269 2866 quum
1296 2786 1389 2848 tame

353 2899 488 2969 interim
512 2899 588 2988 ipse
612 2919 719 2988 opum
742 2898 882 2966 istarum
902 2895 1035 2964 Heinsii
1055 2896 1090 2964 in
1112 2896 1259 2966 editione
1280 2921 1387 2969 suaa·

352 3021 483 3089 nullum
526 3026 585 3088 aut
621 3018 656 3087 in
689 3018 807 3109 paucis
837 3038 935 3086 usum
964 3015 1094 3086 feeerit.
1166 3018 1206 3086 ln
1238 3019 1384 3111 interpr

353 3140 464 3209 tundis
491 3136 740 3208 difficilioribus
771 3138 899 3229 pariter
922 3158 1001 3205 oum
1025 3132 1275 3230 Oudendorpio
1303 3141 1376 3209 vae'

353 3261 420 3346 lat,
455 3259 521 3328 alia
546 3260 649 3350 plane
681 3281 752 3330 non
775 3257 905 3352 tetigit,
947 3276 1035 3345 quae
1057 3257 1287 3350 maximopere
1314 3283 1387 3328 er·

354 3378 573 3471 explicanda3
594 3380 763 3469 quaedam
785 3388 901 3448 tanwu
919 3377 1008 3445 bene
1027 3377 1197 3468 explicuit.
1248 3378 1334 3449 Oete
1362 3408 1365 3436 ι
1384 3412 1388 3441 ι

353 3500 432 3569 stilo
463 3498 611 3596 egregie
643 3501 820 3585 Romano,
867 3497 918 3568 uti
953 3497 988 3565 in
1023 3498 1161 3587 reliquis
1195 3497 1280 3584 suis,
1331 3522 1375 3568 an

354 3642 470 3690 omnes
494 3621 615 3689 elucet

455 3740 565 3812 Cortii
587 3741 698 3810 minor
721 3742 844 3827 editio,
874 3762 963 3831 quae
986 3738 1124 3830 Lipsiae
1144 3738 1245 3808 1726
1268 3739 1383 3830 prodii

352 3869 482 3958 textum
508 3860 614 3932 habet
637 3863 853 3933 emendatum
883 3884 926 3932 ex
950 3861 1028 3953 plus
1052 3859 1227 3952 sexaginta
1252 3860 1347 3930 libris
1382 3892 1391 3920 ·.

354 3978 568 4067 editionibus,
593 3990 628 4052 et
652 3991 788 4073 praeter
814 3980 931 4050 critica
954 3978 1118 4072 imprimis
1141 3979 1244 4048 etiam
1263 3977 1389 4048 laudan

355 4099 400 4168 da
425 4112 476 4169 est
498 4102 542 4171 ab
568 4102 738 4196 elegantis
757 4115 919 4195 typorum
944 4111 978 4170 et
1001 4101 1100 4186 ideo,
1126 4100 1205 4189 quia
1229 4099 1385 4170 distincta
