2782 4942
165 365 241 440 802
304 413 305 416 ,
481 425 483 429 s
514 383 553 431 rr.
580 381 717 433 aurosi
742 381 878 435 uncam

166 550 306 615 caesaris
327 546 472 611 Arsinoe:
497 565 575 627 quae
595 552 696 608 cestra
718 546 852 610 carentia
873 563 960 627 rege,

165 639 209 700 Ut
230 634 333 719 proles
355 632 474 713 Lagea,
495 638 600 709 tenet,
622 631 829 712 famulumque
850 635 973 711 tyranni

165 723 352 785 Terribilem
372 720 452 781 iustu
474 721 622 799 transegit
643 717 782 779 Achillea
804 718 899 781 lerro.

164 811 289 882 llltera,
308 807 438 886 Magne,
459 805 520 876 tuis
541 806 600 866 iam
621 805 742 868 victima
763 806 894 870 mittitur
913 806 1046 868 umbris:

164 892 232 962 Nec
252 894 327 956 satis
346 891 408 954 lruc
428 891 564 956 Fortuna
582 896 678 973 putot.
722 889 833 957 Procul
855 892 950 967 absit,
970 899 1006 954 ut
1026 893 1086 956 ists
1166 893 1217 958 sn

164 980 328 1045 Vindictae
351 979 391 1040 sit
409 997 523 1039 summu
545 983 627 1039 tuae.
670 975 740 1039 Nou
760 977 827 1059 ipse
845 983 993 1056 tyrannus

166 1068 289 1129 Sufficit
309 1067 341 1127 in
361 1083 494 1146 poenas,
518 1082 580 1124 uon
599 1063 697 1125 omnis
716 1065 801 1144 regia
820 1061 906 1143 Lagi.

165 1153 244 1215 lium
265 1152 356 1233 patrii
376 1151 496 1212 veniant
515 1151 547 1211 in
569 1150 687 1211 viscera
706 1148 846 1229 Caesaris
870 1167 971 1224 enses,

164 1239 296 1320 Magnus
316 1237 430 1298 inultus
450 1236 520 1297 erit.
563 1234 626 1297 Sed
647 1253 709 1297 non
730 1243 858 1298 auctme
877 1235 992 1299 luroris
1027 1290 1031 1296 r

164 1326 293 1388 Sublato
315 1323 427 1386 cecidit
446 1323 563 1384 rabies:
583 1341 651 1383 nrm
668 1341 772 1384 rursus
792 1323 825 1383 iu
845 1341 931 1387 arms
1164 1321 1213 1387 tto

165 1411 317 1492 Auspiciis
339 1408 526 1488 Ganymedis
548 1416 637 1470 eunt:
659 1426 696 1469 sc
717 1407 812 1469 mults
832 1409 969 1470 secundo
1251 1414 1257 1423 '

165 1496 287 1559 Proelia
307 1495 409 1558 Marte
429 1500 549 1574 gerunt.
593 1492 711 1569 Potuit,
734 1494 909 1558 discrimine
929 1513 1051 1559 summu

165 1584 322 1657 llsesaris,
342 1582 394 1643 illa
415 1580 482 1642 dies
503 1581 535 1642 in
556 1579 666 1642 lamam
684 1587 717 1641 ct
736 1581 857 1642 saecule
877 1582 969 1641 mitti.

229 1669 324 1730 Molis
342 1667 372 1729 in
394 1667 521 1746 exiguae
545 1668 645 1748 spatio
667 1667 848 1747 stipantibus
869 1669 973 1742 minis,

164 1752 243 1819 Dum
262 1759 350 1837 purat
369 1755 401 1816 in
420 1772 531 1816 vacuus
552 1752 685 1815 Martem
705 1753 874 1815 transferre
896 1753 1014 1816 cerinas
1162 1748 1210 1813 utu

185 1962 196 2015 l
227 1896 293 1977 .⁶³³'
311 1891 395 1963 Vulg.
418 1894 447 1944 et
471 1889 502 1947 0.
526 1909 584 1945 unc
605 1891 669 1946 dies.
687 1920 722 1931 -
737 1889 832 1947 Nostr.
857 1892 901 1945 ed.
919 1888 1009 1961 princ.
1027 1893 1057 1943 et
1075 1888 1171 1944 lrcvan
1184 1916 1210 1928 -

167 1977 184 2017 a
199 2002 206 2016 .
223 1979 287 2016 cmc.

201 2086 261 2137 tm.
280 2085 398 2138 carentia
414 2099 442 2135 rc
465 2099 486 2136 e.
523 2079 596 2136 Nam
612 2081 681 2134 Pto·
713 2087 743 2136 at
758 2080 860 2140 rrum·
877 2080 929 2146 IV,
955 2086 982 2136 λ
999 2082 1212 2149 Paterculcsquc.

164 2154 293 2206 lemseus
326 2153 433 2206 Alexan
453 2151 526 2204 riam
554 2155 681 2216 venerat,
714 2151 847 2204 Ceterum
872 2150 898 2204 is
919 2150 1102 2204 Ptolemaeus
1119 2151 1212 2212 Nostro,

164 2218 262 2289 iiiique
278 2223 353 2290 apud
368 2220 521 2274 Caesarem
537 2223 682 2287 tamquam
714 2226 746 2272 ut
762 2219 891 2285 videtur,
923 2219 1001 2273 idem
1020 2225 1065 2272 est
1083 2237 1145 2272 cunr
1160 2219 1214 2271 Pto·

166 2290 403 2362 obsesfdcteutua
421 2293 491 2340 erat.
701 2288 824 2359 ‘lernaco
846 2303 952 2356 puero,
988 2288 1038 2356 qui
1064 2288 1155 2340 serius
1175 2289 1215 2340 de·

199 2360 260 2411 522.
284 2368 315 2413 ut
336 2359 425 2428 protea
451 2357 564 2428 Lagea,
598 2354 629 2408 h.
654 2371 680 2410 e.
713 2374 793 2410 mum
810 2356 924 2421 occidit,
938 2372 956 2409 a
974 2356 1128 2425 Cleopatra
1142 2357 1216 2409 iotar-

165 2427 234 2496 quia
257 2433 319 2480 erat
341 2443 376 2479 ex
399 2423 489 2493 stirpe
505 2442 608 2495 regum
625 2423 680 2477 Ac·
714 2432 822 2489 curtus;
861 2441 1032 2493 quamquam
1052 2426 1105 2478 illc
1122 2440 1218 2494 quoquc

206 2494 343 2564 ¹otiorum,
380 2494 429 2563 qui
459 2510 476 2546 a
505 2494 678 2560 Ptolemaeo,
713 2493 790 2563 ipsc,
826 2493 895 2546 licet
920 2493 1014 2547 maior
1030 2500 1115 2560 netu,
1146 2494 1217 2548 valde

157 2513 239 2685 {dg}
257 2563 421 2619 Macedonis
438 2561 508 2628 lilio,
524 2562 681 2616 descende·
713 2562 880 2685 poggium}
898 2630 916 2645 ..
979 2634 1009 2684 at
1097 2592 1100 2597 -
1135 2633 1221 2684 Ηω.

185 2649 242 2697 nu.
802 2669 808 2682 .
851 2648 929 2696 cnr,
1011 2648 1090 2697 rum,
1119 2648 1167 2684 sn

198 2705 259 2754 ⁶2³.
277 2697 413 2762 Achaica,
451 2696 562 2752 Graeca
578 2698 679 2762 forma,
713 2717 786 2754 rum.
829 2648 850 2701 Ρ
959 2647 977 2700 p

163 2774 308 2837 tamquam
333 2767 369 2821 ab
385 2767 538 2837 Albium,
573 2773 622 2819 uut
637 2766 681 2819 uti
747 2773 807 2822 529.
826 2775 932 2820 auctore
944 2767 1051 2835 suroris
1065 2765 1222 2830 sublaturi·

166 2839 267 2891 Xcrcca
284 2834 397 2905 passim]
411 2836 517 2889 Xerxen
529 2835 618 2889 habet
632 2852 680 2889 ac·
713 2837 818 2891 delicet
834 2836 965 2902 Achille,
984 2837 1034 2905 qui
1049 2845 1149 2890 auctor
1165 2837 1222 2888 luc-

164 2925 223 2960 cus.
243 2921 320 2966 casu,
337 2904 413 2973 ap‘ud
430 2903 613 2958 Herodotum.
712 2912 759 2959 rat
774 2905 847 2959 belli
861 2904 942 2957 iliius
961 2910 1060 2960 contra
1078 2905 1222 2959 Gaesarem

198 2978 259 3028 ⁶24.
286 2974 373 3032 altera
398 2973 462 3026 tono
496 2972 580 3028 Prior
603 2973 680 3027 cuim
711 2990 851 3044 rogesque
867 2972 1002 3027 laciendi.

163 3043 269 3097 missus
287 3046 350 3095 crat
365 3041 519 3106 Pothinus,
558 3058 600 3094 rs.
617 3045 678 3096 ⁶15.
745 3047 806 3096 ⁶31.
823 3051 887 3096 cunt
902 3060 942 3095 sc.
959 3041 983 3095 Δ

163 3113 310 3166 altercer
370 3108 487 3164 victima
503 3109 563 3164 iam
580 3109 678 3164 mitte-
743 3115 804 3166 5³³.
838 3110 961 3164 Sensus:
984 3045 1143 3165 effidutildsat
1175 3108 1224 3163 illa

77 3244 80 3249 Α
162 3181 248 3234 batur
272 3178 312 3232 Ac
334 3179 410 3234 illas.
445 3177 574 3232 Nondum
601 3180 678 3233 cuim
709 3179 772 3242 dics
794 3185 939 3233 aeternam
962 3179 1092 3235 nancisci
1113 3180 1224 3242 lauram,

163 3251 199 3304 ule
229 3249 394 3302 Ptolemaeo
416 3264 487 3330 rege
507 3265 601 3304 sermo
623 3252 677 3314 est,
709 3249 861 3303 interiecto
899 3247 1031 3302 Caesare.
1085 3249 1224 3317 Quantum

162 3316 398 3388 quemadmodum
415 3317 529 3388 qondam
544 3317 678 3373 videntur
711 3325 807 3373 autem
824 3317 912 3371 fucrit
931 3317 1100 3384 discrimen,
1135 3317 1166 3372 iu
1182 3335 1224 3371 sc·

162 3385 323 3461 accepitne,
357 3402 442 3468 quem
467 3389 563 3439 tamen
583 3385 678 3455 ipsum
711 3386 862 3456 quantinus
880 3387 1016 3440 declarat.
1128 3389 1130 3392 ’

162 3459 272 3525 quoque
287 3454 449 3518 interiissc,
486 3452 518 3508 iu
534 3453 679 3523 sequenti·
744 3459 806 3508 5³4.
824 3456 915 3520 Molis,
932 3460 983 3510 aut
998 3452 1094 3525 pontis
1111 3459 1160 3508 aut
1175 3471 1224 3525 ag-

160 3525 215 3578 bus
232 3523 330 3577 statim
345 3521 447 3577 innuit.
629 3554 631 3560 >
709 3524 799 3647 geris.
833 3523 877 3578 (li.
908 3523 986 3578 Suet.
1018 3523 1101 3577 Caes.
1129 3527 1171 3577 64.
1197 3527 1224 3576 ct

195 3595 256 3646 525.
276 3592 332 3646 Nec
348 3593 415 3647 catis
431 3591 480 3645 lsoc
491 3592 608 3660 surtran
643 3610 676 3644 u·
734 3593 904 3646 lutarclrum.
922 3621 958 3633 -
974 3593 1136 3662 tripartitur
1155 3592 1223 3646 cocu

160 3667 209 3716 tat.
243 3659 376 3731 Requirit
402 3656 507 3714 enimi
527 3658 587 3714 sius
628 3676 678 3714 uc·
709 3677 803 3716 sarem
820 3664 903 3716 armis
921 3660 1158 3716 adversariorum.

161 3729 234 3784 saris
251 3747 365 3793 nocem,
385 3745 442 3782 non
457 3677 626 3794 Ptolomaei,
644 3735 677 3784 ut
742 3735 802 3785 5³5.
821 3733 889 3785 dum
910 3728 1019 3784 milites
1036 3732 1156 3785 naribus
1173 3730 1224 3784 im·

159 3797 273 3854 videtur
289 3797 435 3866 accepisse
451 3797 631 3856 Hortensius.
707 3800 817 3870 positos
839 3799 972 3854 traiicere
994 3799 1025 3852 in
1042 3800 1157 3853 Plrnron
1176 3816 1222 3868 pa·

194 3870 254 3922 526.
271 3875 410 3937 tyrannus,
422 3867 614 3932 Ptolemaeus,
626 3865 676 3936 qui
708 3871 800 3933 colret,
822 3869 970 3937 eruptione
986 3869 1115 3922 hostium
1132 3869 1222 3922 cubita

160 3936 259 4005 paullo
279 3941 344 4006 post
369 3936 406 3989 ad
429 3952 496 3989 suos
521 3937 636 4005 elapsus
659 3954 676 3991 a
709 3939 872 4008 compulsus
888 3937 919 3990 in
936 3938 1089 4007 scapham,
1116 3955 1135 3992 a
1151 3939 1221 3991 mul-

162 4005 271 4087 proclio
294 4002 410 4075 fugiens
435 4011 629 4087 receptusque
646 4005 676 4060 in
708 4006 748 4061 tic
774 4007 979 4090 degyptiurum
1007 4007 1127 4089 nardius
1152 4007 1221 4076 peti·

160 4073 677 4210 lillgl'lliullrlllf“lllll'tlli
708 4081 1222 4213 ilciltttrttitttf‘t⁰.ti

66 4292 69 4297 Ι
160 4216 259 4265 auctor
276 4215 320 4264 est
337 4209 451 4265 Hirtius
466 4211 586 4267 debello
597 4212 675 4268 illex.
709 4214 800 4270 evasit
819 4213 978 4268 incolumis,
