<?xml version="1.0" encoding="UTF-8"?>
<!DOCTYPE html PUBLIC "-//W3C//DTD XHTML 1.0 Transitional//EN"
    "http://www.w3.org/TR/xhtml1/DTD/xhtml1-transitional.dtd">
<html xmlns="http://www.w3.org/1999/xhtml" xml:lang="en" lang="en">
 <head>
  <title>
</title>
<meta http-equiv="Content-Type" content="text/html;charset=utf-8" />
  <meta name='ocr-system' content='tesseract 3.04.00' />
  <meta name='ocr-capabilities' content='ocr_page ocr_carea ocr_par ocr_line ocrx_word'/>
</head>
<body>
  <div class='ocr_page' id='page_1' title='image "./mannaeilucaniph03lucagoog_0031.png"; bbox 0 0 2782 4942; ppageno 0'>
   <div class='ocr_carea' id='block_1_1' title="bbox 160 383 817 450">
    <p class='ocr_par' dir='ltr' id='par_1_1' title="bbox 160 383 817 450">
     <span class='ocr_line' id='line_1_1' title="bbox 160 383 817 450; baseline 0 -2"><span class='ocrx_word' id='word_1_1' title='bbox 160 398 241 448; x_wconf 81' lang='lat' dir='ltr'>xxm</span> <span class='ocrx_word' id='word_1_2' title='bbox 599 399 783 450; x_wconf 80' lang='lat' dir='ltr'>errsroun.</span> <span class='ocrx_word' id='word_1_3' title='bbox 815 383 817 387; x_wconf 78' lang='grc'>’</span> 
     </span>
    </p>
   </div>
   <div class='ocr_carea' id='block_1_2' title="bbox 131 561 1233 4274">
    <p class='ocr_par' dir='ltr' id='par_1_2' title="bbox 161 561 1217 1140">
     <span class='ocr_line' id='line_1_2' title="bbox 161 561 1214 660; baseline -0.002 -25"><span class='ocrx_word' id='word_1_4' title='bbox 161 585 228 656; x_wconf 89' lang='lat' dir='ltr'>que</span> <span class='ocrx_word' id='word_1_5' title='bbox 261 561 424 638; x_wconf 83' lang='lat' dir='ltr'>sumtibus</span> <span class='ocrx_word' id='word_1_6' title='bbox 456 563 521 633; x_wconf 86' lang='lat' dir='ltr'>sibi</span> <span class='ocrx_word' id='word_1_7' title='bbox 551 589 592 635; x_wconf 81' lang='lat' dir='ltr'>eu</span> <span class='ocrx_word' id='word_1_8' title='bbox 619 567 801 660; x_wconf 83' lang='lat' dir='ltr'>colligant,</span> <span class='ocrx_word' id='word_1_9' title='bbox 852 589 940 657; x_wconf 82' lang='lat' dir='ltr'>qnae</span> <span class='ocrx_word' id='word_1_10' title='bbox 969 587 1214 658; x_wconf 71' lang='lat' dir='ltr'><strong>saepenumero</strong></span> 
     </span>
     <span class='ocr_line' id='line_1_3' title="bbox 162 682 1216 780; baseline 0 -26"><span class='ocrx_word' id='word_1_11' title='bbox 162 682 281 754; x_wconf 83' lang='lat' dir='ltr'>melius</span> <span class='ocrx_word' id='word_1_12' title='bbox 302 682 390 751; x_wconf 80' lang='lat' dir='ltr'>intra</span> <span class='ocrx_word' id='word_1_13' title='bbox 414 705 527 752; x_wconf 89' lang='lat' dir='ltr'>muros</span> <span class='ocrx_word' id='word_1_14' title='bbox 551 684 768 777; x_wconf 72' lang='lat' dir='ltr'>parietesque</span> <span class='ocrx_word' id='word_1_15' title='bbox 793 709 870 757; x_wconf 86' lang='lat' dir='ltr'>snos</span> <span class='ocrx_word' id='word_1_16' title='bbox 893 687 1041 756; x_wconf 83' lang='lat' dir='ltr'>nancisci</span> <span class='ocrx_word' id='word_1_17' title='bbox 1064 695 1216 780; x_wconf 78' lang='lat' dir='ltr'>possent,</span> 
     </span>
     <span class='ocr_line' id='line_1_4' title="bbox 163 803 1217 898; baseline 0 -24"><span class='ocrx_word' id='word_1_18' title='bbox 163 806 191 874; x_wconf 86' lang='lat' dir='ltr'>si</span> <span class='ocrx_word' id='word_1_19' title='bbox 217 804 343 874; x_wconf 86' lang='lat' dir='ltr'>vellent</span> <span class='ocrx_word' id='word_1_20' title='bbox 364 803 405 872; x_wconf 87' lang='lat' dir='ltr'>iis</span> <span class='ocrx_word' id='word_1_21' title='bbox 430 803 496 890; x_wconf 85' lang='lat' dir='ltr'>uti,</span> <span class='ocrx_word' id='word_1_22' title='bbox 542 829 630 897; x_wconf 78' lang='lat' dir='ltr'>quae</span> <span class='ocrx_word' id='word_1_23' title='bbox 653 817 731 877; x_wconf 86' lang='lat' dir='ltr'>ante</span> <span class='ocrx_word' id='word_1_24' title='bbox 756 807 869 877; x_wconf 87' lang='lat' dir='ltr'>omnia</span> <span class='ocrx_word' id='word_1_25' title='bbox 888 807 1036 898; x_wconf 87' lang='lat' dir='ltr'>primum</span> <span class='ocrx_word' id='word_1_26' title='bbox 1059 814 1139 878; x_wconf 88' lang='lat' dir='ltr'>suut</span> <span class='ocrx_word' id='word_1_27' title='bbox 1162 805 1217 874; x_wconf 92' lang='lat' dir='ltr'>in-</span> 
     </span>
     <span class='ocr_line' id='line_1_5' title="bbox 163 915 1217 1021; baseline 0.001 -27"><span class='ocrx_word' id='word_1_28' title='bbox 163 923 348 1019; x_wconf 80' lang='lat' dir='ltr'>spicienda.</span> <span class='ocrx_word' id='word_1_29' title='bbox 399 925 438 993; x_wconf 94' lang='lat' dir='ltr'>ln</span> <span class='ocrx_word' id='word_1_30' title='bbox 465 946 550 1014; x_wconf 85' lang='lat' dir='ltr'>quos</span> <span class='ocrx_word' id='word_1_31' title='bbox 576 926 648 997; x_wconf 83' lang='lat' dir='ltr'>sine</span> <span class='ocrx_word' id='word_1_32' title='bbox 673 915 778 998; x_wconf 89' lang='lat' dir='ltr'>dubio</span> <span class='ocrx_word' id='word_1_33' title='bbox 799 927 885 997; x_wconf 90' lang='lat' dir='ltr'>illud</span> <span class='ocrx_word' id='word_1_34' title='bbox 906 937 958 996; x_wconf 90' lang='lat' dir='ltr'>est</span> <span class='ocrx_word' id='word_1_35' title='bbox 980 927 1217 1021; x_wconf 88' lang='lat' dir='ltr'>repetendum,</span> 
     </span>
     <span class='ocr_line' id='line_1_6' title="bbox 164 1043 826 1140; baseline -0.002 -23"><span class='ocrx_word' id='word_1_36' title='bbox 164 1045 261 1138; x_wconf 87' lang='lat' dir='ltr'>quod</span> <span class='ocrx_word' id='word_1_37' title='bbox 285 1052 380 1113; x_wconf 78' lang='lat' dir='ltr'>retus</span> <span class='ocrx_word' id='word_1_38' title='bbox 402 1043 542 1134; x_wconf 87' lang='lat' dir='ltr'>quidam</span> <span class='ocrx_word' id='word_1_39' title='bbox 560 1059 665 1140; x_wconf 87' lang='lat' dir='ltr'>pocta</span> <span class='ocrx_word' id='word_1_40' title='bbox 687 1047 826 1118; x_wconf 79' lang='lat' dir='ltr'>cecinit:</span> 
     </span>
    </p>

    <p class='ocr_par' dir='ltr' id='par_1_3' title="bbox 131 1159 1233 4274">
     <span class='ocr_line' id='line_1_7' title="bbox 189 1163 1218 1267; baseline 0.007 -27"><span class='ocrx_word' id='word_1_41' title='bbox 189 1235 192 1240; x_wconf 79' lang='lat'><strong>.</strong></span> <span class='ocrx_word' id='word_1_42' title='bbox 208 1163 299 1261; x_wconf 60' lang='lat' dir='ltr'>qnod</span> <span class='ocrx_word' id='word_1_43' title='bbox 314 1188 364 1244; x_wconf 79' lang='lat' dir='ltr'>cst</span> <span class='ocrx_word' id='word_1_44' title='bbox 385 1187 461 1244; x_wconf 77' lang='lat' dir='ltr'>unte</span> <span class='ocrx_word' id='word_1_45' title='bbox 469 1183 566 1266; x_wconf 78' lang='lat' dir='ltr'>perles</span> <span class='ocrx_word' id='word_1_46' title='bbox 578 1204 667 1247; x_wconf 81' lang='lat' dir='ltr'>nerto</span> <span class='ocrx_word' id='word_1_47' title='bbox 682 1187 800 1261; x_wconf 79' lang='lat' dir='ltr'>cernit,·</span> <span class='ocrx_word' id='word_1_48' title='bbox 812 1185 891 1246; x_wconf 76' lang='lat' dir='ltr'>coeli</span> <span class='ocrx_word' id='word_1_49' title='bbox 900 1191 1082 1264; x_wconf 76' lang='lat' dir='ltr'>scrutentur</span> <span class='ocrx_word' id='word_1_50' title='bbox 1092 1184 1218 1267; x_wconf 78' lang='lat' dir='ltr'>plagas.</span> 
     </span>
     <span class='ocr_line' id='line_1_8' title="bbox 165 1285 1220 1375; baseline 0.002 -17"><span class='ocrx_word' id='word_1_51' title='bbox 165 1288 236 1375; x_wconf 80' lang='lat' dir='ltr'>Qui</span> <span class='ocrx_word' id='word_1_52' title='bbox 266 1287 362 1358; x_wconf 83' lang='lat' dir='ltr'>furor</span> <span class='ocrx_word' id='word_1_53' title='bbox 388 1285 476 1358; x_wconf 86' lang='lat' dir='ltr'>inter</span> <span class='ocrx_word' id='word_1_54' title='bbox 504 1300 670 1361; x_wconf 81' lang='lat' dir='ltr'>nostrates</span> <span class='ocrx_word' id='word_1_55' title='bbox 701 1292 747 1362; x_wconf 88' lang='lat' dir='ltr'>ad</span> <span class='ocrx_word' id='word_1_56' title='bbox 776 1313 941 1360; x_wconf 86' lang='lat' dir='ltr'>summum</span> <span class='ocrx_word' id='word_1_57' title='bbox 976 1289 1109 1359; x_wconf 88' lang='lat' dir='ltr'>videtur</span> <span class='ocrx_word' id='word_1_58' title='bbox 1139 1313 1220 1360; x_wconf 90' lang='lat' dir='ltr'>ern-</span> 
     </span>
     <span class='ocr_line' id='line_1_9' title="bbox 166 1389 1221 1504; baseline 0.001 -27"><span class='ocrx_word' id='word_1_59' title='bbox 166 1410 278 1504; x_wconf 90' lang='lat' dir='ltr'>pisse,</span> <span class='ocrx_word' id='word_1_60' title='bbox 320 1408 368 1488; x_wconf 87' lang='lat' dir='ltr'>ita</span> <span class='ocrx_word' id='word_1_61' title='bbox 403 1416 442 1478; x_wconf 89' lang='lat' dir='ltr'>ut</span> <span class='ocrx_word' id='word_1_62' title='bbox 479 1430 595 1481; x_wconf 84' lang='lat' dir='ltr'>omnes</span> <span class='ocrx_word' id='word_1_63' title='bbox 628 1437 666 1482; x_wconf 85' lang='lat' dir='ltr'>se</span> <span class='ocrx_word' id='word_1_64' title='bbox 693 1411 831 1504; x_wconf 82' lang='lat' dir='ltr'>cupient</span> <span class='ocrx_word' id='word_1_65' title='bbox 857 1389 1035 1480; x_wconf 79' lang='lat' dir='ltr'>Belrkeros</span> <span class='ocrx_word' id='word_1_66' title='bbox 1060 1409 1221 1495; x_wconf 44' lang='lat' dir='ltr'>wevadere,</span> 
     </span>
     <span class='ocr_line' id='line_1_10' title="bbox 168 1528 1222 1627; baseline -0.001 -28"><span class='ocrx_word' id='word_1_67' title='bbox 168 1552 290 1621; x_wconf 89' lang='lat' dir='ltr'>quum,</span> <span class='ocrx_word' id='word_1_68' title='bbox 315 1537 353 1601; x_wconf 80' lang='lat' dir='ltr'>ut</span> <span class='ocrx_word' id='word_1_69' title='bbox 374 1528 410 1597; x_wconf 89' lang='lat' dir='ltr'>in</span> <span class='ocrx_word' id='word_1_70' title='bbox 435 1531 527 1599; x_wconf 88' lang='lat' dir='ltr'>omni</span> <span class='ocrx_word' id='word_1_71' title='bbox 549 1555 597 1618; x_wconf 91' lang='lat' dir='ltr'>re,</span> <span class='ocrx_word' id='word_1_72' title='bbox 620 1531 667 1602; x_wconf 87' lang='lat' dir='ltr'>ita</span> <span class='ocrx_word' id='word_1_73' title='bbox 692 1542 727 1601; x_wconf 85' lang='lat' dir='ltr'>et</span> <span class='ocrx_word' id='word_1_74' title='bbox 751 1533 785 1601; x_wconf 92' lang='lat' dir='ltr'>in</span> <span class='ocrx_word' id='word_1_75' title='bbox 810 1531 937 1618; x_wconf 84' lang='lat' dir='ltr'>critica,</span> <span class='ocrx_word' id='word_1_76' title='bbox 959 1531 1056 1627; x_wconf 86' lang='lat' dir='ltr'>mplti</span> <span class='ocrx_word' id='word_1_77' title='bbox 1080 1529 1222 1622; x_wconf 85' lang='lat' dir='ltr'>quidem</span> 
     </span>
     <span class='ocr_line' id='line_1_11' title="bbox 131 1645 1222 1744; baseline 0.006 -31"><span class='ocrx_word' id='word_1_78' title='bbox 131 1651 133 1654; x_wconf 76' lang='grc'>’</span> <span class='ocrx_word' id='word_1_79' title='bbox 168 1657 394 1731; x_wconf 65' lang='grc' dir='ltr'><strong><em>ναρθηκοφόροι,</em></strong></span> <span class='ocrx_word' id='word_1_80' title='bbox 423 1650 556 1720; x_wconf 89' lang='lat' dir='ltr'>Bacchi</span> <span class='ocrx_word' id='word_1_81' title='bbox 593 1662 705 1722; x_wconf 83' lang='lat' dir='ltr'>autem</span> <span class='ocrx_word' id='word_1_82' title='bbox 735 1674 801 1744; x_wconf 89' lang='lat' dir='ltr'>per</span> <span class='ocrx_word' id='word_1_83' title='bbox 828 1653 988 1744; x_wconf 83' lang='lat' dir='ltr'>profecto</span> <span class='ocrx_word' id='word_1_84' title='bbox 1019 1645 1121 1743; x_wconf 90' lang='lat' dir='ltr'>pauci</span> <span class='ocrx_word' id='word_1_85' title='bbox 1148 1650 1222 1720; x_wconf 80' lang='lat' dir='ltr'>exi·</span> 
     </span>
     <span class='ocr_line' id='line_1_12' title="bbox 170 1748 1223 1869; baseline -0.002 -27"><span class='ocrx_word' id='word_1_86' title='bbox 170 1783 268 1843; x_wconf 76' lang='lat' dir='ltr'>stant.</span> <span class='ocrx_word' id='word_1_87' title='bbox 320 1771 453 1869; x_wconf 80' lang='lat' dir='ltr'>Quodsi</span> <span class='ocrx_word' id='word_1_88' title='bbox 475 1772 664 1841; x_wconf 77' lang='lat' dir='ltr'>erdstimant</span> <span class='ocrx_word' id='word_1_89' title='bbox 683 1771 871 1842; x_wconf 87' lang='lat' dir='ltr'>istiusmodi</span> <span class='ocrx_word' id='word_1_90' title='bbox 891 1781 1111 1857; x_wconf 80' lang='lat' dir='ltr'>scrutatores,</span> <span class='ocrx_word' id='word_1_91' title='bbox 1133 1748 1223 1863; x_wconf 29' lang='lat' dir='ltr'>quo*-</span> 
     </span>
     <span class='ocr_line' id='line_1_13' title="bbox 146 1891 1224 1985; baseline -0.003 -21"><span class='ocrx_word' id='word_1_92' title='bbox 146 1895 259 1969; x_wconf 58' lang='lat' dir='ltr'>,niam</span> <span class='ocrx_word' id='word_1_93' title='bbox 283 1891 350 1984; x_wconf 88' lang='lat' dir='ltr'>ipsi</span> <span class='ocrx_word' id='word_1_94' title='bbox 376 1892 578 1985; x_wconf 89' lang='lat' dir='ltr'>plerumque</span> <span class='ocrx_word' id='word_1_95' title='bbox 601 1904 659 1961; x_wconf 86' lang='lat' dir='ltr'>aut</span> <span class='ocrx_word' id='word_1_96' title='bbox 683 1909 805 1982; x_wconf 75' lang='lat' dir='ltr'>purum</span> <span class='ocrx_word' id='word_1_97' title='bbox 830 1893 1028 1981; x_wconf 89' lang='lat' dir='ltr'>emendant,</span> <span class='ocrx_word' id='word_1_98' title='bbox 1077 1901 1224 1962; x_wconf 85' lang='lat' dir='ltr'>autnon</span> 
     </span>
     <span class='ocr_line' id='line_1_14' title="bbox 170 2012 1224 2103; baseline -0.003 -20"><span class='ocrx_word' id='word_1_99' title='bbox 170 2013 249 2083; x_wconf 87' lang='lat' dir='ltr'>satis</span> <span class='ocrx_word' id='word_1_100' title='bbox 282 2012 494 2082; x_wconf 85' lang='lat' dir='ltr'>considerato</span> <span class='ocrx_word' id='word_1_101' title='bbox 519 2013 624 2082; x_wconf 84' lang='lat' dir='ltr'>multa</span> <span class='ocrx_word' id='word_1_102' title='bbox 649 2012 821 2082; x_wconf 84' lang='lat' dir='ltr'>instituere</span> <span class='ocrx_word' id='word_1_103' title='bbox 849 2014 975 2099; x_wconf 84' lang='lat' dir='ltr'>solent,</span> <span class='ocrx_word' id='word_1_104' title='bbox 1020 2022 1113 2082; x_wconf 87' lang='lat' dir='ltr'>certe</span> <span class='ocrx_word' id='word_1_105' title='bbox 1141 2022 1224 2103; x_wconf 89' lang='lat' dir='ltr'>post</span> 
     </span>
     <span class='ocr_line' id='line_1_15' title="bbox 171 2132 1223 2226; baseline -0.005 -22"><span class='ocrx_word' id='word_1_106' title='bbox 171 2134 317 2204; x_wconf 85' lang='lat' dir='ltr'>venturis</span> <span class='ocrx_word' id='word_1_107' title='bbox 343 2132 529 2203; x_wconf 88' lang='lat' dir='ltr'>editoribus</span> <span class='ocrx_word' id='word_1_108' title='bbox 559 2155 596 2203; x_wconf 84' lang='lat' dir='ltr'>se</span> <span class='ocrx_word' id='word_1_109' title='bbox 626 2155 751 2226; x_wconf 74' lang='lat' dir='ltr'>magno</span> <span class='ocrx_word' id='word_1_110' title='bbox 776 2133 948 2224; x_wconf 86' lang='lat' dir='ltr'>praesidio</span> <span class='ocrx_word' id='word_1_111' title='bbox 978 2157 1052 2202; x_wconf 90' lang='lat' dir='ltr'>esse</span> <span class='ocrx_word' id='word_1_112' title='bbox 1079 2134 1223 2218; x_wconf 85' lang='lat' dir='ltr'>futuros,</span> 
     </span>
     <span class='ocr_line' id='line_1_16' title="bbox 170 2251 1223 2350; baseline -0.003 -26"><span class='ocrx_word' id='word_1_113' title='bbox 170 2278 239 2350; x_wconf 71' lang='lat' dir='ltr'>ego</span> <span class='ocrx_word' id='word_1_114' title='bbox 263 2255 309 2324; x_wconf 89' lang='lat' dir='ltr'>de</span> <span class='ocrx_word' id='word_1_115' title='bbox 328 2253 395 2323; x_wconf 77' lang='lat' dir='ltr'>hnc</span> <span class='ocrx_word' id='word_1_116' title='bbox 418 2253 525 2324; x_wconf 84' lang='lat' dir='ltr'>reita</span> <span class='ocrx_word' id='word_1_117' title='bbox 548 2252 717 2323; x_wconf 81' lang='lat' dir='ltr'>existimo:</span> <span class='ocrx_word' id='word_1_118' title='bbox 769 2254 828 2344; x_wconf 89' lang='lat' dir='ltr'>qui</span> <span class='ocrx_word' id='word_1_119' title='bbox 855 2263 949 2324; x_wconf 86' lang='lat' dir='ltr'>recte</span> <span class='ocrx_word' id='word_1_120' title='bbox 971 2255 1052 2339; x_wconf 86' lang='lat' dir='ltr'>velit</span> <span class='ocrx_word' id='word_1_121' title='bbox 1077 2251 1223 2321; x_wconf 83' lang='lat' dir='ltr'>auctoris</span> 
     </span>
     <span class='ocr_line' id='line_1_17' title="bbox 169 2358 1233 2467; baseline -0.003 -23"><span class='ocrx_word' id='word_1_122' title='bbox 169 2358 401 2447; x_wconf 84' lang='lat' dir='ltr'>recensionem</span> <span class='ocrx_word' id='word_1_123' title='bbox 425 2365 614 2459; x_wconf 84' lang='lat' dir='ltr'>instituere,</span> <span class='ocrx_word' id='word_1_124' title='bbox 638 2397 716 2443; x_wconf 88' lang='lat' dir='ltr'>enm</span> <span class='ocrx_word' id='word_1_125' title='bbox 738 2374 804 2443; x_wconf 90' lang='lat' dir='ltr'>suis</span> <span class='ocrx_word' id='word_1_126' title='bbox 829 2374 967 2467; x_wconf 84' lang='lat' dir='ltr'>ubique,</span> <span class='ocrx_word' id='word_1_127' title='bbox 988 2396 1055 2443; x_wconf 90' lang='lat' dir='ltr'>non</span> <span class='ocrx_word' id='word_1_128' title='bbox 1081 2374 1233 2442; x_wconf 84' lang='lat' dir='ltr'>aliorum</span> 
     </span>
     <span class='ocr_line' id='line_1_18' title="bbox 171 2493 1223 2581; baseline -0.002 -17"><span class='ocrx_word' id='word_1_129' title='bbox 171 2493 277 2564; x_wconf 87' lang='lat' dir='ltr'>oculis</span> <span class='ocrx_word' id='word_1_130' title='bbox 309 2495 358 2564; x_wconf 87' lang='lat' dir='ltr'>uti</span> <span class='ocrx_word' id='word_1_131' title='bbox 388 2495 531 2581; x_wconf 88' lang='lat' dir='ltr'>debere,</span> <span class='ocrx_word' id='word_1_132' title='bbox 581 2495 684 2572; x_wconf 83' lang='lat' dir='ltr'>allata</span> <span class='ocrx_word' id='word_1_133' title='bbox 715 2503 828 2564; x_wconf 83' lang='lat' dir='ltr'>autem</span> <span class='ocrx_word' id='word_1_134' title='bbox 860 2503 894 2563; x_wconf 86' lang='lat' dir='ltr'>et</span> <span class='ocrx_word' id='word_1_135' title='bbox 926 2495 1042 2562; x_wconf 88' lang='lat' dir='ltr'>oblata</span> <span class='ocrx_word' id='word_1_136' title='bbox 1075 2496 1118 2563; x_wconf 88' lang='lat' dir='ltr'>ab</span> <span class='ocrx_word' id='word_1_137' title='bbox 1149 2493 1223 2562; x_wconf 87' lang='lat' dir='ltr'>aliis</span> 
     </span>
     <span class='ocr_line' id='line_1_19' title="bbox 170 2613 1224 2700; baseline -0.004 -13"><span class='ocrx_word' id='word_1_138' title='bbox 170 2615 302 2688; x_wconf 80' lang='lat' dir='ltr'>nomisi</span> <span class='ocrx_word' id='word_1_139' title='bbox 319 2616 370 2685; x_wconf 77' lang='lat' dir='ltr'>,ad</span> <span class='ocrx_word' id='word_1_140' title='bbox 390 2637 463 2685; x_wconf 87' lang='lat' dir='ltr'>rem</span> <span class='ocrx_word' id='word_1_141' title='bbox 484 2615 575 2684; x_wconf 79' lang='lat' dir='ltr'>forte</span> <span class='ocrx_word' id='word_1_142' title='bbox 596 2613 833 2685; x_wconf 84' lang='lat' dir='ltr'>stabiliendam</span> <span class='ocrx_word' id='word_1_143' title='bbox 854 2637 928 2685; x_wconf 87' lang='lat' dir='ltr'>esse</span> <span class='ocrx_word' id='word_1_144' title='bbox 941 2613 1156 2700; x_wconf 85' lang='lat' dir='ltr'>adducenda,</span> <span class='ocrx_word' id='word_1_145' title='bbox 1177 2614 1224 2683; x_wconf 87' lang='lat' dir='ltr'>ita</span> 
     </span>
     <span class='ocr_line' id='line_1_20' title="bbox 170 2717 1225 2828; baseline -0.006 -17"><span class='ocrx_word' id='word_1_146' title='bbox 170 2746 300 2822; x_wconf 74' lang='lat' dir='ltr'>temen,</span> <span class='ocrx_word' id='word_1_147' title='bbox 346 2745 385 2806; x_wconf 91' lang='lat' dir='ltr'>ut</span> <span class='ocrx_word' id='word_1_148' title='bbox 414 2717 579 2804; x_wconf 87' lang='lat' dir='ltr'>eiusmodi</span> <span class='ocrx_word' id='word_1_149' title='bbox 605 2734 733 2805; x_wconf 80' lang='lat' dir='ltr'>auxiliis</span> <span class='ocrx_word' id='word_1_150' title='bbox 758 2725 942 2825; x_wconf 84' lang='lat' dir='ltr'>numquam</span> <span class='ocrx_word' id='word_1_151' title='bbox 973 2734 1071 2805; x_wconf 87' lang='lat' dir='ltr'>nimis</span> <span class='ocrx_word' id='word_1_152' title='bbox 1098 2758 1225 2828; x_wconf 82' lang='lat' dir='ltr'>magna</span> 
     </span>
     <span class='ocr_line' id='line_1_21' title="bbox 170 2854 1223 2946; baseline 0 -22"><span class='ocrx_word' id='word_1_153' title='bbox 170 2864 229 2926; x_wconf 86' lang='lat' dir='ltr'>aut</span> <span class='ocrx_word' id='word_1_154' title='bbox 255 2854 353 2934; x_wconf 84' lang='lat' dir='ltr'>nimis</span> <span class='ocrx_word' id='word_1_155' title='bbox 375 2877 493 2925; x_wconf 84' lang='lat' dir='ltr'>secura</span> <span class='ocrx_word' id='word_1_156' title='bbox 516 2856 603 2925; x_wconf 84' lang='lat' dir='ltr'>lidos</span> <span class='ocrx_word' id='word_1_157' title='bbox 624 2856 812 2940; x_wconf 82' lang='lat' dir='ltr'>habeatur3</span> <span class='ocrx_word' id='word_1_158' title='bbox 834 2855 1081 2946; x_wconf 87' lang='lat' dir='ltr'>indiciumque,</span> <span class='ocrx_word' id='word_1_159' title='bbox 1106 2855 1134 2922; x_wconf 91' lang='lat' dir='ltr'>si</span> <span class='ocrx_word' id='word_1_160' title='bbox 1159 2855 1223 2924; x_wconf 84' lang='lat' dir='ltr'>ad-</span> 
     </span>
     <span class='ocr_line' id='line_1_22' title="bbox 170 2975 1224 3071; baseline -0.004 -25"><span class='ocrx_word' id='word_1_161' title='bbox 170 2978 231 3062; x_wconf 86' lang='lat' dir='ltr'>sit,</span> <span class='ocrx_word' id='word_1_162' title='bbox 248 2978 435 3061; x_wconf 88' lang='lat' dir='ltr'>subactum,</span> <span class='ocrx_word' id='word_1_163' title='bbox 457 2985 492 3044; x_wconf 90' lang='lat' dir='ltr'>et</span> <span class='ocrx_word' id='word_1_164' title='bbox 514 2977 650 3071; x_wconf 82' lang='lat' dir='ltr'>linguae</span> <span class='ocrx_word' id='word_1_165' title='bbox 673 2978 780 3070; x_wconf 86' lang='lat' dir='ltr'>ipsius</span> <span class='ocrx_word' id='word_1_166' title='bbox 804 2975 1047 3068; x_wconf 87' lang='lat' dir='ltr'>scriptorisque</span> <span class='ocrx_word' id='word_1_167' title='bbox 1066 2997 1145 3043; x_wconf 85' lang='lat' dir='ltr'>usns</span> <span class='ocrx_word' id='word_1_168' title='bbox 1158 2994 1224 3043; x_wconf 87' lang='lat' dir='ltr'>no-</span> 
     </span>
     <span class='ocr_line' id='line_1_23' title="bbox 169 3094 1225 3194; baseline 0.001 -30"><span class='ocrx_word' id='word_1_169' title='bbox 169 3097 278 3174; x_wconf 82' lang='lat' dir='ltr'>titiam</span> <span class='ocrx_word' id='word_1_170' title='bbox 309 3098 365 3166; x_wconf 84' lang='lat' dir='ltr'>vel</span> <span class='ocrx_word' id='word_1_171' title='bbox 393 3096 529 3164; x_wconf 87' lang='lat' dir='ltr'>summis</span> <span class='ocrx_word' id='word_1_172' title='bbox 558 3098 680 3189; x_wconf 85' lang='lat' dir='ltr'>opibus</span> <span class='ocrx_word' id='word_1_173' title='bbox 710 3096 990 3194; x_wconf 81' lang='lat' dir='ltr'>largissimaeqne</span> <span class='ocrx_word' id='word_1_174' title='bbox 1021 3094 1225 3186; x_wconf 83' lang='lat' dir='ltr'>supellectili</span> 
     </span>
     <span class='ocr_line' id='line_1_24' title="bbox 171 3215 1224 3313; baseline -0.002 -26"><span class='ocrx_word' id='word_1_175' title='bbox 171 3241 244 3292; x_wconf 87' lang='lat' dir='ltr'>esse</span> <span class='ocrx_word' id='word_1_176' title='bbox 267 3215 538 3309; x_wconf 82' lang='lat' dir='ltr'>praeferendam.</span> <span class='ocrx_word' id='word_1_177' title='bbox 589 3218 706 3312; x_wconf 72' lang='lat' dir='ltr'>Agant</span> <span class='ocrx_word' id='word_1_178' title='bbox 726 3219 831 3313; x_wconf 80' lang='lat' dir='ltr'>igitur</span> <span class='ocrx_word' id='word_1_179' title='bbox 855 3217 929 3305; x_wconf 84' lang='lat' dir='ltr'>alii,</span> <span class='ocrx_word' id='word_1_180' title='bbox 951 3224 989 3285; x_wconf 84' lang='lat' dir='ltr'>ut</span> <span class='ocrx_word' id='word_1_181' title='bbox 1005 3217 1138 3299; x_wconf 87' lang='lat' dir='ltr'>volent,</span> <span class='ocrx_word' id='word_1_182' title='bbox 1161 3239 1224 3285; x_wconf 90' lang='lat' dir='ltr'>au-</span> 
     </span>
     <span class='ocr_line' id='line_1_25' title="bbox 169 3334 1224 3429; baseline -0.003 -22"><span class='ocrx_word' id='word_1_183' title='bbox 169 3338 317 3428; x_wconf 86' lang='lat' dir='ltr'>xiliaque</span> <span class='ocrx_word' id='word_1_184' title='bbox 339 3360 399 3414; x_wconf 89' lang='lat' dir='ltr'>sua</span> <span class='ocrx_word' id='word_1_185' title='bbox 421 3334 502 3423; x_wconf 88' lang='lat' dir='ltr'>sibi,</span> <span class='ocrx_word' id='word_1_186' title='bbox 545 3347 719 3429; x_wconf 85' lang='lat' dir='ltr'>tamqnam</span> <span class='ocrx_word' id='word_1_187' title='bbox 739 3340 774 3408; x_wconf 89' lang='lat' dir='ltr'>in</span> <span class='ocrx_word' id='word_1_188' title='bbox 798 3339 939 3408; x_wconf 83' lang='lat' dir='ltr'>Lucano</span> <span class='ocrx_word' id='word_1_189' title='bbox 958 3334 1143 3428; x_wconf 86' lang='lat' dir='ltr'>Pompeius</span> <span class='ocrx_word' id='word_1_190' title='bbox 1168 3335 1224 3404; x_wconf 83' lang='lat' dir='ltr'>fa-</span> 
     </span>
     <span class='ocr_line' id='line_1_26' title="bbox 170 3457 1225 3549; baseline -0.001 -23"><span class='ocrx_word' id='word_1_191' title='bbox 170 3459 231 3544; x_wconf 89' lang='lat' dir='ltr'>cit,</span> <span class='ocrx_word' id='word_1_192' title='bbox 260 3479 303 3526; x_wconf 86' lang='lat' dir='ltr'>ex</span> <span class='ocrx_word' id='word_1_193' title='bbox 327 3457 419 3529; x_wconf 86' lang='lat' dir='ltr'>omui</span> <span class='ocrx_word' id='word_1_194' title='bbox 442 3467 519 3526; x_wconf 87' lang='lat' dir='ltr'>ortu</span> <span class='ocrx_word' id='word_1_195' title='bbox 543 3465 645 3549; x_wconf 84' lang='lat' dir='ltr'>atque</span> <span class='ocrx_word' id='word_1_196' title='bbox 671 3481 795 3527; x_wconf 86' lang='lat' dir='ltr'>occasu</span> <span class='ocrx_word' id='word_1_197' title='bbox 819 3459 1035 3549; x_wconf 80' lang='lat' dir='ltr'>conquirant3</span> <span class='ocrx_word' id='word_1_198' title='bbox 1074 3464 1225 3525; x_wconf 83' lang='lat' dir='ltr'>ceterum</span> 
     </span>
     <span class='ocr_line' id='line_1_27' title="bbox 171 3575 1225 3671; baseline -0.003 -24"><span class='ocrx_word' id='word_1_199' title='bbox 171 3578 312 3647; x_wconf 87' lang='lat' dir='ltr'>aliorum</span> <span class='ocrx_word' id='word_1_200' title='bbox 340 3577 499 3646; x_wconf 82' lang='lat' dir='ltr'>virtutem</span> <span class='ocrx_word' id='word_1_201' title='bbox 522 3598 590 3646; x_wconf 91' lang='lat' dir='ltr'>non</span> <span class='ocrx_word' id='word_1_202' title='bbox 618 3601 787 3671; x_wconf 79' lang='lat' dir='ltr'>eropum</span> <span class='ocrx_word' id='word_1_203' title='bbox 810 3588 868 3648; x_wconf 89' lang='lat' dir='ltr'>ant</span> <span class='ocrx_word' id='word_1_204' title='bbox 892 3578 1067 3670; x_wconf 88' lang='lat' dir='ltr'>copiarum</span> <span class='ocrx_word' id='word_1_205' title='bbox 1091 3575 1225 3670; x_wconf 81' lang='lat' dir='ltr'>magnis</span> 
     </span>
     <span class='ocr_line' id='line_1_28' title="bbox 170 3697 1226 3787; baseline -0.002 -21"><span class='ocrx_word' id='word_1_206' title='bbox 170 3698 376 3782; x_wconf 84' lang='lat' dir='ltr'>nominibus,</span> <span class='ocrx_word' id='word_1_207' title='bbox 416 3697 478 3767; x_wconf 89' lang='lat' dir='ltr'>sed</span> <span class='ocrx_word' id='word_1_208' title='bbox 502 3719 545 3767; x_wconf 83' lang='lat' dir='ltr'>ex</span> <span class='ocrx_word' id='word_1_209' title='bbox 570 3697 696 3768; x_wconf 82' lang='lat' dir='ltr'>effectu</span> <span class='ocrx_word' id='word_1_210' title='bbox 720 3699 886 3784; x_wconf 87' lang='lat' dir='ltr'>indicent,</span> <span class='ocrx_word' id='word_1_211' title='bbox 922 3721 1000 3767; x_wconf 88' lang='lat' dir='ltr'>eum</span> <span class='ocrx_word' id='word_1_212' title='bbox 1025 3698 1138 3787; x_wconf 90' lang='lat' dir='ltr'>ipsum</span> <span class='ocrx_word' id='word_1_213' title='bbox 1163 3715 1226 3765; x_wconf 89' lang='lat' dir='ltr'>an·</span> 
     </span>
     <span class='ocr_line' id='line_1_29' title="bbox 169 3817 1225 3912; baseline -0.001 -27"><span class='ocrx_word' id='word_1_214' title='bbox 169 3828 240 3885; x_wconf 85' lang='lat' dir='ltr'>tem</span> <span class='ocrx_word' id='word_1_215' title='bbox 264 3841 333 3888; x_wconf 84' lang='lat' dir='ltr'>non</span> <span class='ocrx_word' id='word_1_216' title='bbox 354 3838 397 3888; x_wconf 77' lang='lat' dir='ltr'>ox</span> <span class='ocrx_word' id='word_1_217' title='bbox 422 3817 635 3908; x_wconf 86' lang='lat' dir='ltr'>opinionibus</span> <span class='ocrx_word' id='word_1_218' title='bbox 664 3817 944 3912; x_wconf 85' lang='lat' dir='ltr'>praeconceptis,</span> <span class='ocrx_word' id='word_1_219' title='bbox 992 3817 1054 3887; x_wconf 91' lang='lat' dir='ltr'>sed</span> <span class='ocrx_word' id='word_1_220' title='bbox 1081 3838 1123 3886; x_wconf 83' lang='lat' dir='ltr'>ex</span> <span class='ocrx_word' id='word_1_221' title='bbox 1141 3838 1225 3884; x_wconf 81' lang='lat' dir='ltr'>vcro</span> 
     </span>
     <span class='ocr_line' id='line_1_30' title="bbox 170 3935 1226 4031; baseline 0 -27"><span class='ocrx_word' id='word_1_222' title='bbox 170 3937 372 4028; x_wconf 85' lang='lat' dir='ltr'>ponderent.</span> <span class='ocrx_word' id='word_1_223' title='bbox 424 3939 540 4011; x_wconf 85' lang='lat' dir='ltr'>Sciant</span> <span class='ocrx_word' id='word_1_224' title='bbox 565 3949 696 4025; x_wconf 87' lang='lat' dir='ltr'>autem,</span> <span class='ocrx_word' id='word_1_225' title='bbox 739 3962 807 4010; x_wconf 87' lang='lat' dir='ltr'>non</span> <span class='ocrx_word' id='word_1_226' title='bbox 832 3962 902 4009; x_wconf 89' lang='lat' dir='ltr'>nno</span> <span class='ocrx_word' id='word_1_227' title='bbox 925 3949 1082 4031; x_wconf 86' lang='lat' dir='ltr'>tempore</span> <span class='ocrx_word' id='word_1_228' title='bbox 1107 3936 1163 4005; x_wconf 82' lang='lat' dir='ltr'>vel</span> <span class='ocrx_word' id='word_1_229' title='bbox 1190 3935 1226 4004; x_wconf 89' lang='lat' dir='ltr'>in</span> 
     </span>
     <span class='ocr_line' id='line_1_31' title="bbox 170 4058 1225 4154; baseline -0.008 -21"><span class='ocrx_word' id='word_1_230' title='bbox 170 4058 309 4133; x_wconf 75' lang='lat' dir='ltr'>minimo</span> <span class='ocrx_word' id='word_1_231' title='bbox 335 4058 502 4150; x_wconf 90' lang='lat' dir='ltr'>scriptore</span> <span class='ocrx_word' id='word_1_232' title='bbox 527 4059 639 4129; x_wconf 88' lang='lat' dir='ltr'>omnia</span> <span class='ocrx_word' id='word_1_233' title='bbox 663 4082 767 4150; x_wconf 86' lang='lat' dir='ltr'>posse</span> <span class='ocrx_word' id='word_1_234' title='bbox 791 4061 924 4153; x_wconf 87' lang='lat' dir='ltr'>perfici,</span> <span class='ocrx_word' id='word_1_235' title='bbox 949 4059 1225 4154; x_wconf 81' lang='lat' dir='ltr'>singularumque</span> 
     </span>
     <span class='ocr_line' id='line_1_32' title="bbox 171 4178 1226 4274; baseline -0.003 -26"><span class='ocrx_word' id='word_1_236' title='bbox 171 4178 317 4248; x_wconf 84' lang='lat' dir='ltr'>aetatum</span> <span class='ocrx_word' id='word_1_237' title='bbox 348 4179 499 4274; x_wconf 75' lang='lat' dir='ltr'>singulos</span> <span class='ocrx_word' id='word_1_238' title='bbox 531 4179 627 4273; x_wconf 85' lang='lat' dir='ltr'>qnasi</span> <span class='ocrx_word' id='word_1_239' title='bbox 659 4181 826 4272; x_wconf 84' lang='lat' dir='ltr'>quosdam</span> <span class='ocrx_word' id='word_1_240' title='bbox 860 4204 935 4252; x_wconf 82' lang='lat' dir='ltr'>esre</span> <span class='ocrx_word' id='word_1_241' title='bbox 967 4179 1112 4274; x_wconf 78' lang='lat' dir='ltr'>gradm,</span> <span class='ocrx_word' id='word_1_242' title='bbox 1161 4199 1226 4268; x_wconf 87' lang='lat' dir='ltr'>per</span> 
     </span>
    </p>
   </div>
   <div class='ocr_carea' id='block_1_3' title="bbox 0 0 1408 4942">
    <p class='ocr_par' dir='ltr' id='par_1_4' title="bbox 0 0 1408 4942">
     <span class='ocr_line' id='line_1_33' title="bbox 0 0 1408 4942; baseline 0 0"><span class='ocrx_word' id='word_1_243' title='bbox 0 0 1408 4942; x_wconf 95' lang='lat' dir='ltr'> </span> 
     </span>
    </p>
   </div>
  </div>
 </body>
</html>
