2782 4942
508 373 691 422 Bl‘lssdlid·
1056 372 1125 421 XXV

61 539 250 610 editionum
271 539 544 632 interpositarum
566 537 836 631 corrigerentur5
862 537 909 606 ita
930 538 1019 606 enim
1034 561 1118 630 pro-

60 658 154 728 iecto
184 657 278 744 lieri,
328 669 366 726 ut
390 658 510 729 saltem
532 681 600 727 una
624 656 856 727 recessionum
882 657 1118 747 antiquiorum,

61 776 105 846 ad
126 801 213 870 quas
238 778 347 848 omnis
370 775 486 848 critica
507 787 622 846 nostra
641 777 831 863 necessario
856 798 1030 846 recurrere
1054 777 1118 848 de·

60 897 138 982 bet,
191 893 370 990 (quoniam
402 895 509 990 ipsius
537 895 682 966 auctoris
706 907 816 967 textus
841 896 934 965 nulla
958 919 1118 989 nmquam

60 1026 134 1086 arto
158 1026 254 1086 certo
280 1016 503 1087 demonstrari
528 1016 691 1109 poterit,)
743 1028 837 1087 certo
863 1017 1117 1108 quodammodo

61 1134 207 1231 vestigio
238 1145 474 1228 premeretnrr
517 1135 589 1206 eius
619 1145 732 1207 autom
758 1135 837 1205 libri
867 1137 1028 1206 lectiones
1061 1140 1117 1208 vel

60 1278 240 1341 exsensu,
265 1256 321 1326 rel
346 1277 388 1326 cx
410 1279 474 1327 usu
498 1256 644 1327 auctoris
670 1256 726 1326 vel
750 1278 792 1326 ex
815 1281 952 1327 assensu
973 1258 1116 1328 aliorum

59 1377 227 1447 librorum
257 1397 332 1446 esse
361 1374 611 1468 ponderandas.
688 1377 787 1463 Quae
818 1400 873 1446 res
905 1379 1064 1468 quoniam
1093 1403 1115 1448 ο

59 1497 236 1589 plerisque
259 1517 329 1565 non
352 1519 394 1566 ea
417 1496 548 1567 ratione
572 1496 770 1584 instituitur,
811 1521 879 1590 qna
903 1497 1028 1567 institui
1049 1499 1113 1568 de-

59 1618 135 1702 bet,
153 1614 237 1685 inde
260 1615 403 1703 acdidit,
426 1627 464 1686 nt
487 1639 591 1710 saepe
611 1627 763 1688 textuum
787 1617 999 1687 recensiones
1023 1619 1112 1688 exsi-

60 1747 159 1824 stant,
186 1758 275 1830 qnae
295 1736 398 1830 plane
418 1735 532 1806 nullae
553 1737 619 1807 sint
639 1737 825 1825 vocandae,
849 1737 928 1830 quia
953 1761 1021 1825 non
1046 1760 1111 1830 ap-

59 1863 178 1947 paret,
202 1878 310 1948 quare
333 1853 456 1942 editor,
481 1879 586 1947 quum
606 1859 642 1929 in
666 1858 740 1928 aliis
763 1857 847 1927 locis
869 1868 978 1927 certos
1004 1858 1110 1928 libros

60 1985 193 2047 secutus
219 1975 281 2060 sit,
300 1974 336 2045 in
359 1975 432 2046 aliis
457 1977 599 2049 eosdem
622 1977 827 2074 neglexerit,
848 1978 883 2047 in
908 1978 1029 2069 quibus
1056 1979 1110 2047 vel

59 2096 225 2188 imprimis
253 2094 397 2172 fiderent
426 2097 600 2188 sequendi.
671 2101 785 2192 Atque
811 2100 859 2167 sic
884 2110 977 2169 recte
1000 2119 1110 2190 nuper

60 2215 261 2307 aquodam
291 2213 558 2286 animadversum
589 2218 751 2317 legimus,
800 2221 1043 2310 plerorumque
1074 2228 1110 2287 et

60 2336 306 2406 uilissimorum
326 2334 414 2405 adeo
436 2337 636 2408 Latinorum
659 2339 825 2431 imprimis
848 2351 1023 2411 aemorum
1045 2338 1108 2408 de-

60 2454 406 2534 ardentissimum
432 2455 517 2526 tsles
541 2457 721 2546 editiones,
771 2484 860 2552 quae
884 2461 1016 2532 meliori
1041 2458 1109 2528 cri-

58 2578 143 2649 ticae
165 2574 231 2648 nti
253 2577 487 2668 lectorumque
518 2600 600 2648 vero
624 2579 699 2651 usui
723 2581 986 2673 responderent,
1035 2587 1109 2648 utut

59 2697 153 2767 multi
174 2694 316 2767 edendis
336 2717 480 2790 operum
502 2697 655 2769 samm
676 2699 880 2793 codicesque
900 2711 936 2772 et
958 2721 1109 2794 appare-

59 2830 128 2888 tnm
149 2816 305 2888 criticum
325 2828 360 2887 et
382 2815 594 2912 exegeticon
614 2817 839 2892 adhibuerint
889 2821 977 2892 Nam
996 2841 1108 2912 neque

58 2936 220 3008 Horatius
240 2960 305 3006 nec
326 2934 442 3008 Livius
465 2946 523 3005 aut
545 2934 670 3007 Cicero
694 2950 754 3010 aut
775 2939 916 3011 Tacitus
939 2950 998 3011 ant
1022 2937 1108 3010 Ori·

58 3057 132 3126 dius
152 3056 202 3126 ita
225 3065 303 3126 sunt
322 3054 507 3142 emendati,
534 3065 570 3125 ut
593 3059 715 3128 morito
739 3059 871 3131 landari
895 3060 1107 3132 recensiones

57 3185 215 3268 possent,
260 3175 325 3244 nisi
346 3175 492 3246 lmtasse
513 3173 631 3247 dthnii
659 3177 840 3252 Horatium
860 3191 919 3252 aot
942 3178 1109 3250 eiusmodi

58 3304 241 3388 proventus
271 3296 378 3366 bonas
400 3294 564 3366 editiones
587 3318 712 3368 vocare
736 3299 837 3382 relis3
883 3311 921 3370 ut
943 3297 1031 3370 nihil
1051 3298 1107 3368 di·

58 3439 130 3487 cam
168 3415 216 3487 de
246 3411 409 3486 Phaedro
441 3411 564 3485 Orellii
594 3415 842 3510 similibusque,
893 3441 981 3511 quae
1010 3418 1108 3511 quasi

57 3533 215 3606 monstris
241 3530 427 3603 editionum
448 3533 533 3603 milti
556 3534 713 3606 ridentur
738 3537 985 3624 recensendae,
1032 3549 1108 3608 utut

57 3657 99 3726 ab
123 3653 199 3727 aliis
216 3652 404 3747 magnificis
426 3653 527 3724 etiam
552 3656 663 3726 verbis
679 3653 745 3728 sint
765 3654 932 3727 laudatae.
984 3653 1108 3728 Omni-

58 3798 112 3844 um
136 3783 252 3845 autem
277 3773 523 3866 iiplernmque
545 3773 720 3845 minimum
744 3786 837 3846 certe
860 3777 1037 3846 conferunt
1060 3775 1107 3846 ad

36 3892 164 3972 'textus
188 3895 278 3964 bene
298 3893 541 3981 emendandos,
566 3895 636 3992 qui,
658 3896 719 3967 ubi
738 3895 808 3967 slot
827 3895 1028 3990 scriptorem
1042 3897 1108 3967 sli-

57 4037 157 4106 quem
181 4011 355 4086 edendnm
377 4036 570 4109 sumpsere,
589 4014 675 4085 nilril
693 4016 807 4109 potius
832 4015 978 4103 habent,
1003 4038 1107 4109 qoam

56 4144 89 4204 ut
107 4134 218 4229 longe
246 4157 311 4228 per
331 4157 447 4206 omnes
470 4143 578 4208 terras
605 4134 724 4208 itinera
747 4135 931 4232 suscipiant
954 4136 1107 4239 magnis-
