2782 4942
238 357 347 410 *mu
447 315 454 327 ·
647 360 776 410 nvom
803 360 897 409 Vl'l'd.

249 547 316 616 qua
340 524 377 595 in
401 534 473 596 arte
498 525 544 595 ita
570 526 708 598 eminuit
732 527 820 596 inter
847 547 989 596 coaevos
1015 552 1112 616 suos,
1143 541 1181 601 ut
1206 530 1299 623 opti·

247 644 310 714 mis
336 645 526 739 quibusque
545 647 656 738 poetis
680 646 790 716 latinis
816 670 881 738 par
904 645 1106 733 haberetur;
1131 651 1298 743 quemad-

246 766 387 836 modum
417 777 535 836 auotor
559 767 690 862 dialogi
713 767 759 836 dc
788 769 894 837 causis
922 780 1102 861 corruptae
1132 772 1298 862 eloquen-

246 887 313 956 tiae
334 886 397 956 aitz
420 885 599 982 Erigitur
621 888 698 956 iam
723 885 772 957 od
799 897 951 959 oratore
964 890 1136 985 poeticus
1160 890 1295 960 decor:

115 1008 118 1014 '
245 1028 319 1077 scon
346 1006 442 1076 Attii
462 1013 528 1077 out
554 1005 714 1079 Pacuuii
739 1016 888 1080 vermo
913 1009 1228 1107 inquinatarum
1250 1032 1297 1081 co

246 1125 399 1198 Horatii
433 1133 468 1198 et
506 1125 653 1224 Virgilii
682 1134 718 1198 et
743 1127 889 1199 Lucani
910 1129 1085 1201 sacrario
1107 1129 1304 1224 prolutus„

206 1283 210 1290 ,
244 1246 292 1316 Et
312 1255 406 1317 reeta
429 1270 506 1316 cum
533 1248 679 1343 Virgilio
699 1258 815 1340 potest
839 1250 1041 1342 comparari,
1069 1249 1236 1342 siquidem
1252 1261 1296 1319 ct

243 1367 303 1436 ille
326 1391 387 1438 sua
410 1365 517 1438 habet
541 1367 638 1454 vitia,
663 1378 706 1439 et
730 1367 825 1439 haud
846 1369 969 1440 desunt
990 1370 1085 1457 loca,
1111 1369 1148 1440 in
1171 1369 1294 1462 quibus

244 1486 362 1556 ultima
397 1486 596 1582 corrigentis
632 1511 749 1559 manus
783 1490 819 1558 in
844 1511 887 1558 ec
919 1498 1038 1580 aperte
1064 1488 1293 1571 desideretur3

242 1605 388 1676 Horatio
412 1616 525 1676 autem
545 1606 583 1677 in
603 1609 716 1677 multis
737 1610 923 1702 praeponi,
969 1618 1062 1685 certe
1083 1608 1198 1700 quoad
1222 1608 1292 1677 vir-

242 1736 354 1812 tutem¹
369 1726 579 1820 virilemque,
601 1750 703 1819 quem
726 1728 762 1798 in
785 1730 939 1801 omnibus
955 1737 1116 1823 praestat,
1133 1726 1291 1813 animum,

242 1869 447 1944 quamquam
471 1849 601 1940 etipse
627 1848 879 1939 quodammodo
907 1852 954 1921 ad
973 1849 1202 1919 adulationem
1224 1847 1291 1917 de-

240 1967 356 2059 lapsus
386 1951 442 2038 ist
471 1967 507 2037 in
534 1966 706 2039 laudanda
729 1969 875 2040 Nerone
951 1968 1099 2061 Scripsit
1121 1968 1291 2054 Lucanus,

242 2110 347 2180 quum
364 2109 474 2181 paene
498 2111 587 2182 puer
608 2096 707 2174 esset,
727 2087 782 2180 (ut
800 2090 961 2183 Papinius
984 2087 1104 2180 docet)
1120 2098 1290 2160 certamen

240 2206 401 2278 Hectoris
422 2217 457 2279 ct
474 2206 637 2294 Achillis,
662 2231 740 2278 cum
764 2209 938 2280 cadaveris
963 2208 1129 2280 Hectorei
1150 2208 1289 2280 mdem-

238 2326 347 2414 tioue‚
396 2351 456 2399 seu
486 2326 645 2399 Hectoris
669 2328 775 2420 lytra,
827 2330 952 2400 deinde
979 2329 1130 2403 sabulum
1152 2323 1290 2420 Orphei

238 2446 365 2518 inferos
394 2447 564 2536 adeuntis,
613 2447 805 2521 incendium
829 2451 921 2521 urbis
948 2447 1076 2533 Troiae
1100 2470 1160 2519 seu
1182 2447 1290 2520 Gata-

238 2590 400 2640 cauamon
422 2567 580 2655 iliacum
619 2570 812 2663 catalogum
838 2568 1046 2656 Heroidum,
1086 2568 1288 2654 Saturnalia,

238 2688 407 2760 Silvarum
430 2688 535 2759 libros
561 2689 700 2777 decem,
724 2690 889 2760 Medeam
914 2688 1145 2784 tragoediam,
1168 2687 1287 2781 luypo-

237 2820 405 2884 mnemata
429 2831 534 2903 prosa
561 2811 729 2898 oratioue,
753 2808 1034 2895 declamationes,
1057 2807 1219 2901 epistolas
1244 2831 1288 2880 ex

238 2926 444 3022 Ounpania,
492 2929 625 3001 fabulas
652 2930 832 3022 satyricam
882 2952 970 3022 quae
999 2929 1069 3000 eiua
1101 2951 1210 3022 opera
1240 2929 1286 3000 ad

235 3071 340 3120 unum
361 3047 474 3126 omniu
497 3050 703 3122 interierunt.
752 3049 974 3138 Pharsaliam,
999 3071 1086 3143 quae
1111 3070 1154 3120 ex
1176 3051 1285 3120 maio-

234 3169 329 3239 ribus
352 3193 419 3240 una
443 3181 567 3258 exstat,
612 3171 731 3265 primis
755 3170 898 3242 Neronis
923 3169 1058 3262 imperii
1080 3169 1173 3240 anuis
1199 3169 1283 3239 scri-

235 3289 319 3360 bere
340 3288 496 3380 instituit,
534 3316 677 3386 eamque
697 3291 844 3385 perfecit
866 3289 1040 3383 usquead
1063 3287 1188 3359 decimi
1206 3290 1286 3364 libri

235 3406 411 3480 dimidiam
433 3410 523 3482 forte
543 3423 687 3508 partem
737 3410 841 3481 Cuius
868 3408 982 3501 operis
1003 3410 1132 3501 primos
1156 3418 1224 3481 tres
1239 3411 1284 3480 li·

234 3530 316 3600 lrroa
349 3531 529 3603 adiuuante
558 3533 658 3606 Pollu
678 3554 782 3604 uxore
809 3529 932 3601 dicitur
954 3528 1155 3616 correxisse,
1201 3531 1284 3602 reli-

235 3673 338 3741 quos,
387 3651 417 3720 si
440 3653 592 3740 vixisset,
644 3650 890 3728 emendaturus.
960 3649 1148 3720 Additurus
1171 3662 1284 3723 autem

233 3769 353 3841 fuisset
373 3769 445 3842 sine
469 3773 574 3843 dubio
598 3774 764 3866 reliquam
782 3793 920 3841 omnem
940 3768 1024 3840 belli
1047 3764 1152 3839 civilis
1170 3770 1281 3842 histo·

114 3985 118 3990 ἱ
233 3887 336 3975 riam,
386 3890 478 3962 cuius
508 3916 642 3964 omnem
666 3894 786 3973 scriem
818 3890 931 3960 auimo
958 3899 1050 3960 certe
1075 3891 1282 3985 descriptum

232 4007 393 4080 munisse
417 4010 538 4082 coniici
556 4023 671 4106 potest
690 4035 734 4086 ex
756 4012 835 4080 loco
860 4009 940 4079 libri
959 4010 1020 4098 Vl,
1040 4031 1088 4096 vs.
1111 4009 1198 4102 sla,
1221 4011 1281 4085 ubi

231 4124 320 4202 baec
344 4130 390 4202 ad
415 4131 554 4205 Sextum
575 4135 724 4227 loquitur
747 4128 944 4202 vaticinans:
