2782 4942
178 355 254 428 292
527 378 565 425 n.
600 377 732 427 ornnes
768 377 899 427 nucem

182 542 254 619 lile,
276 541 328 603 uhi
349 539 524 622 pendebunt
542 559 651 617 maus,
671 541 855 624 dubiumque
874 542 1026 619 manebat,

181 628 279 707 Quem
300 626 403 689 mundi
420 625 573 688 domiuum
592 626 733 690 facerent
751 627 849 690 civilis
869 627 961 706 helle,
1200 627 1239 690 20

181 712 299 777 Oderat
318 717 351 778 ct
373 711 533 793 hingem,
558 714 692 792 quemvis
713 733 816 788 comes
837 715 912 775 isset
928 715 963 775 in
985 732 1080 791 unse,

181 799 332 882 Auspiciis
352 804 455 879 ruptus
474 798 591 880 patriee
611 799 766 880 ductuque
788 806 925 861 senalus:

181 887 222 948 At
240 890 312 968 post
331 883 526 947 'l'hesseiices
552 884 653 946 clades
672 885 731 946 iarn
750 891 878 968 pectore
897 891 964 948 toto

179 971 381 1053 Pompeianus
402 978 478 1032 eret
519 967 651 1032 Patriam
670 976 772 1032 tutore
794 976 948 1034 cerenicus

181 1058 326 1139 Excepit,
344 1057 449 1139 populi
471 1056 652 1138 trepidentie
672 1058 809 1127 membre
829 1057 951 1132 refovit,
1197 1052 1234 1114 Ab

179 1143 296 1225 ignaris
317 1143 453 1205 menibus
470 1142 624 1222 proiectos
645 1142 779 1204 reddidit
799 1161 899 1218 enses,

179 1229 244 1291 Nec
265 1248 391 1310 regnum
413 1229 537 1308 cupiens
556 1228 652 1310 gessit
672 1227 770 1290 civilia
792 1229 882 1305 bella,

180 1314 246 1376 Nec
270 1315 386 1376 servire
406 1314 524 1375 timens.
570 1312 621 1374 Nil
639 1331 745 1376 cenae
762 1314 838 1376 fecit
856 1315 888 1374 in
907 1314 997 1375 ermis

178 1400 249 1483 lpse
268 1419 335 1461 suae
355 1404 439 1462 totae
457 1403 528 1480 post
547 1397 779 1478 Merui-funere
800 1405 904 1480 paries

179 1484 342 1548 Libertatis
364 1491 466 1547 erent:
488 1502 561 1564 ques
580 1503 622 1546 ne
642 1504 699 1566 per
719 1484 809 1547 litore
830 1485 913 1547 ineas

179 1569 345 1653 colligeret
365 1570 472 1653 rapido
493 1570 617 1632 victorie
639 1570 878 1646 Caesariensem,

178 1656 333 1737 Corcyrae
351 1660 469 1719 secrete
490 1656 580 1737 petit,
600 1675 637 1718 ec
652 1655 737 1718 mille
759 1657 868 1718 carinis

179 1742 310 1806 Abstulit
329 1741 489 1804 Emathiae
509 1760 614 1804 secum
636 1741 806 1822 fragments
824 1742 939 1803 ruinae.

177 1829 251 1906 Quis
271 1829 385 1891 retibus
406 1829 498 1888 tantis
519 1827 666 1908 fugientis
686 1826 828 1890 crederet
849 1827 896 1889 ire

178 1914 327 1996 Agminei
348 1913 414 1994 quis
435 1913 562 1994 pelagus
582 1914 676 1974 sietss
694 1920 829 1975 nctesse
850 1911 991 1975 cerinssi
1193 1901 1231 1965 86

241 1999 354 2061 Dorida
372 2004 444 2059 tunc
466 1997 604 2073 Meleon,
624 2006 656 2059 et
675 2005 811 2081 epertem
831 1998 995 2060 'semeron
1014 1994 1142 2069 umbris,

177 2084 251 2147 lnde
273 2085 409 2165 Gythers
427 2084 520 2165 petit:
543 2084 702 2164 Boreaque
722 2091 852 2165 urgente
873 2084 991 2146 cerints

176 2170 268 2233 cren
287 2171 380 2252 fugit:
400 2169 527 2232 liicteea
545 2169 637 2250 legit,
656 2168 836 2233 cedentibus
856 2170 957 2245 undis,

175 2256 289 2319 Litore.
333 2255 422 2317 Tunc
441 2272 547 2318 ausum
566 2254 655 2318 clessi
674 2255 875 2336 praecludere
894 2259 1002 2337 portus

174 2341 296 2424 impulit
314 2361 352 2404 ac
371 2360 484 2404 secvss‘
496 2340 639 2403 merrnm
659 2340 818 2421 Phycunte
839 2344 961 2423 rupinas
1190 2331 1227 2395 Μ

175 2428 307 2510 Sparsit:
329 2433 361 2489 et
379 2427 453 2488 hinc
472 2427 600 2508 placidis
621 2425 685 2490 elto
705 2427 856 2490 delabitur
874 2427 957 2488 eurls

173 2514 207 2576 ln
228 2514 315 2588 litus,
337 2512 495 2588 Palinure,
516 2519 616 2574 tuncne
637 2509 752 2595 (neque
772 2515 853 2575 enim
871 2529 1008 2594 sequore
1026 2513 1144 2572 tentum

172 2600 307 2662 Ausonio
328 2603 521 2661 monuments
538 2605 643 2674 tenes,
662 2603 829 2680 portusque
850 2601 971 2680 quietos

171 2683 318 2747 Testetur
338 2683 437 2763 Libye
454 2683 591 2766 Phrygio
611 2684 765 2766 plecuisee
783 2679 961 2767 megistso3)

171 2770 269 2850 Quum
289 2771 397 2851 procul
418 2789 456 2832 ex
475 2770 537 2831 elto
559 2771 723 2833 tendentes
744 2771 811 2832 vele
830 2771 953 2833 cerices
1187 2755 1225 2822 45

170 2857 328 2937 Ancipites
345 2861 474 2918 tenuere
492 2855 625 2933 animos,
651 2857 793 2918 sociosne
814 2856 971 2931 melorum,

172 2942 218 3003 As
236 2941 385 3005 veherent
402 2941 519 3004 hostes.
558 2939 712 3023 l’reeeeps
732 2941 808 3004 iecit
827 2959 918 3004 omne
938 2938 1104 3004 timendum

71 3026 73 3031 ’
171 3026 293 3105 Victor,
313 3034 345 3089 et
366 3028 397 3088 iu
417 3027 498 3089 nulle
514 3045 576 3088 non
597 3026 732 3089 creditur
754 3044 823 3090 esse
844 3026 956 3089 carine

202 3173 244 3225 19.
263 3171 322 3236 lile,
339 3171 473 3226 videlicet
491 3169 569 3224 (leto.
714 3175 799 3239 portu
829 3186 894 3223 eum
928 3168 1080 3222 excludere
1110 3163 1224 3219 censba-

202 3243 246 3293 sl.
272 3248 298 3295 et
323 3241 471 3313 Magnum,
507 3255 562 3292 non
588 3239 681 3293 solum
714 3244 776 3305 tur,
814 3237 1000 3308 expugnavit,
1037 3240 1067 3288 et
1089 3231 1224 3287 militibus

168 3308 328 3362 Geessrenn.
714 3305 775 3360 anie
793 3305 983 3375 diripiendum
1000 3302 1141 3374 praebuit.
1172 3368 1179 3384 Ι

201 3379 245 3428 Ab.
262 3376 372 3444 excepit,
389 3376 420 3429 in
437 3375 556 3428 tutelone
573 3388 661 3428 annun.
746 3377 789 3427 42.
825 3375 968 3438 Palinure,
1027 3376 1224 3425 romontorrnrn

199 3446 242 3496 as.
277 3451 351 3497 totns
384 3449 438 3496 etc.
473 3449 549 3497 totee
582 3445 680 3512 partes
712 3441 886 3512 cyrenaicae
901 3441 1028 3512 ηςίοιιιο
1045 3440 1076 3494 in
1090 3438 1226 3502 Airicm

165 3508 294 3579 Pompeii
317 3515 382 3580 poet
400 3511 481 3565 ducis
505 3515 627 3564 mortem
641 3510 679 3563 li·
711 3506 1223 3578 Pelinnro‚Aeneaenesissnagietrs‚

165 3577 305 3632 berintem
324 3581 520 3648 sequebantur.
714 3578 932 3632 denominatum.

199 3648 241 3699 82.
257 3649 325 3717 petit
358 3665 398 3700 se.
432 3647 511 3701 ceto.
538 3673 573 3686 —
597 3646 679 3699 seille.
747 3650 790 3701 ld.
807 3653 879 3702 tenes
896 3664 935 3701 ec.
953 3662 970 3700 o
986 3642 1133 3700 Palinure.
1180 3705 1189 3722 ·

164 3711 321 3769 Trecentse
339 3715 564 3783 ineruntnases,
579 3729 680 3767 asenn-
748 3717 791 3768 45.
817 3733 903 3783 quum
948 3729 1035 3768 neves
1076 3708 1222 3763 cornslm

164 3780 229 3834 dnus
247 3783 407 3852 scriptores.
424 3781 485 3835 ΕΓ
519 3787 548 3836 et
563 3780 679 3850 hichy-
711 3780 845 3852 Sextique
868 3783 968 3851 procel
986 3784 1155 3861 conspectae
1173 3775 1222 3828 du-

164 3849 296 3915 perbole,
313 3867 368 3920 qne
385 3851 460 3921 sign·
483 3857 563 3904 cetur
577 3855 678 3902 nume-
709 3849 802 3906 bitere
818 3853 948 3905 iecerunt
965 3850 1151 3911 (latomenus,
1172 3843 1221 3895 lst-

162 3929 213 3969 rus
229 3919 340 3972 omnino
357 3936 412 3973 non
429 3917 590 3972 mediocris.
710 3917 834 3975 etinmne
851 3919 1048 3982 essertines,
1084 3929 1121 3970 en
1139 3912 1220 3967 Pon·

196 3987 239 4036 ³8.
252 3989 341 4056 fugit,
360 3985 676 4056 praeternavigstnr.-·
708 3986 776 4054 peii.

161 4051 238 4122 legit,
257 4054 327 4107 item
345 4060 400 4108 ests
416 4052 656 4124 prseternssiget
740 4059 783 4108 47.
798 4072 926 4138 praecep„
944 4056 1042 4118 victor,
1068 4052 1088 4105 i
1110 4066 1136 4104 e.
1150 4063 1220 4175 &t

193 4123 237 4175 8⁹.
255 4120 338 4175 'l'nnc
353 4123 516 4193 Phyennte,
536 4120 674 4192 Cyrenai
705 4139 775 4191 pere
795 4123 943 4180 sictonam
959 4135 1133 4192 persequens

160 4202 210 4242 ceo
244 4189 370 4263 regionis
403 4191 554 4260 oppidum,
597 4189 672 4258 qnod
705 4205 760 4245 ser.
