2782 4942
259 351 372 402 311111
690 347 875 396 terrerem.

261 523 440 611 regentum
463 538 485 582 a
509 513 631 606 quibus
657 513 716 584 Tu
740 535 822 598 me,
835 521 997 602 quantum
1020 521 1140 605 potes,
1164 509 1316 581 defende

263 643 365 726 atque
385 643 542 728 protege.

364 730 829 844 communitatemque
852 775 926 838 me,
966 750 1016 821 ne
1038 754 1074 821 e
1095 750 1238 838 crece,
1268 749 1316 818 ea
1363 753 1365 755 ·

265 883 300 945 et
323 873 360 943 in
383 871 565 965 exegeticis
590 871 774 958 studuisse,
822 894 864 942 ex
886 870 965 964 ipso
989 870 1196 942 scholiorum
1218 891 1317 938 meo-

265 1015 341 1065 nun
360 994 527 1084 adspectu
547 991 704 1062 continuo
726 992 812 1064 Tibi
832 991 982 1084 patebit,
1006 992 1145 1076 linum
1168 989 1318 1060 certissi-

265 1135 390 1204 meque
414 1134 528 1205 spero,
549 1114 606 1185 Te
627 1110 697 1182 lroe
721 1134 835 1183 meum
855 1113 1031 1188 eonsilium
1050 1111 1319 1203 haudquaquam

268 1254 342 1303 esse
363 1231 642 1325 hprobatmum
693 1233 797 1303 Nolui
821 1231 981 1325 equidem
1006 1232 1132 1302 librum
1155 1230 1235 1317 mei,
1248 1251 1320 1300 nou

267 1350 400 1420 Luceni
418 1350 542 1443 ipsius,
564 1375 682 1422 mursa
704 1351 787 1445 legi,
811 1349 904 1420 nolui
927 1351 1041 1446 leugis
1064 1361 1220 1422 ueterum
1243 1372 1319 1422 am-
1382 1344 1385 1351 ’

268 1471 414 1564 legibus
434 1473 561 1542 mereri
585 1473 766 1557 lectorem,
796 1493 908 1566 neque
934 1470 1210 1543 commentarium
1233 1470 1320 1538 seri·

269 1589 369 1677 bere,
403 1593 539 1683 qualem
561 1613 671 1684 nuper
693 1590 842 1661 Kritzius
868 1592 914 1661 ed
933 1591 1147 1680 Sallustium,
1181 1591 1217 1660 in
1238 1613 1320 1682 quo,

269 1718 442 1803 tamquam
462 1713 498 1784 in
521 1715 594 1784 iure
618 1712 782 1782 immenso
804 1712 1011 1805 lepusculus,
1034 1712 1082 1781 sic
1105 1719 1202 1782 auter
1222 1711 1320 1779 irma-

270 1835 331 1915 tat,
351 1831 439 1901 uotis
463 1834 568 1926 plane
592 1830 787 1917 suffocatus,
811 1830 848 1901 iu
872 1832 993 1923 quibus
1014 1833 1193 1903 falsissima
1216 1852 1322 1923 seepe

270 1968 337 2038 pre
364 1951 452 2020 reris
481 1953 735 2024 venumdentur.
786 1949 899 2036 Quem
925 1952 1195 2048 longissimarum
1220 1958 1322 2018 neta-¹

270 2087 347 2136 rum
368 2073 703 2158 conscribendarum,
734 2074 1117 2166 commentariorumque
1138 2071 1323 2140 immense-

271 2208 347 2258 rum
370 2193 666 2286 congerendorum
692 2190 1014 2283 condendorumque
1034 2214 1166 2264 merem
1188 2201 1323 2261 nostrs-

271 2306 361 2378 tibus
395 2312 499 2402 plane
529 2311 788 2406 relinquendum
815 2333 889 2382 esse
918 2311 1026 2399 duco,
1072 2335 1176 2404 quum
1206 2335 1322 2382 seusus

273 2427 332 2518 qui
353 2431 461 2502 subsit
484 2435 579 2522 loco,
629 2455 733 2525 seepe
755 2423 964 2524 paucissimis
985 2431 1098 2501 verbis
1123 2432 1234 2526 possit
1257 2433 1323 2502 de·

272 2553 462 2640 monstrari,
482 2552 596 2648 glorio
617 2563 731 2623 autem
752 2574 821 2622 nou
845 2549 934 2621 ndeo
958 2575 1085 2646 magua
1097 2552 1255 2624 ducenda
1269 2551 1323 2641 sit,

273 2691 376 2765 quum
416 2672 571 2765 plurimis
612 2672 724 2744 verbis
760 2671 980 2764 interpretem
1019 2672 1161 2745 existere
1196 2694 1324 2760 cerum,

274 2812 363 2882 quae
391 2792 474 2863 nlius
503 2792 673 2886 quispiam
701 2789 761 2862 aut
788 2790 925 2883 scripsit
949 2802 1008 2862 sut
1034 2792 1170 2879 cecinit,
1214 2801 1252 2861 ut
1276 2791 1325 2862 ibi

272 2909 385 2980 multis
410 2922 526 2996 utare,
573 2912 635 2984 ubi
660 2912 806 2984 selune
825 2910 883 2980 sel
906 2911 1115 3003 paucissimis
1141 2910 1251 3005 possit
1269 2934 1324 2982 res

274 3031 415 3103 absolvi
464 3032 585 3126 ltaque
607 3055 676 3129 ego
699 3031 758 3102 hic
781 3029 860 3100 satis
885 3053 961 3101 esse
986 3031 1078 3117 duri,
1099 3032 1127 3100 si
1145 3031 1326 3101 rectiorem

273 3149 402 3244 ubique
427 3174 592 3247 ponerem
623 3149 953 3246 interpretationem
1003 3173 1107 3244 quum
1140 3161 1266 3222 memet
1290 3151 1328 3220 iu

273 3270 388 3341 maltis
408 3295 503 3361 saue,
544 3274 578 3344 si
600 3296 670 3344 neu
691 3271 727 3342 iu
751 3271 923 3360 emmens,
967 3270 1184 3367 indigitare,
1220 3272 1326 3341 credo

273 3388 371 3461 lreud
393 3390 613 3481 inficiabitur,
663 3393 723 3487 qui
743 3414 776 3464 v.
799 3415 831 3466 e.
855 3413 933 3462 eum
956 3391 1101 3463 aliorum
1121 3392 1327 3486 iuterpreta-

273 3512 424 3586 tionibus
446 3514 626 3587 contulerit
638 3537 689 3602 ea,
715 3534 815 3606 quse,
826 3511 891 3582 etsi
904 3513 1116 3605 perbreviter
1131 3535 1246 3604 saepe,
1262 3511 1327 3580 ad·

274 3635 389 3702 ueteri
411 3634 458 3705 od
478 3635 506 3722 1,
531 3634 566 3705 1.
590 3635 685 3706 21.
709 3632 770 3701 31.
795 3626 856 3704 55.
876 3628 938 3703 58.
961 3630 1022 3704 13.
1039 3631 1124 3703 133.
1140 3628 1227 3701 135.
1240 3627 1326 3700 231.

276 3753 361 3826 282.
387 3753 472 3826 314.
502 3751 588 3826 333.
617 3753 703 3824 311.
729 3750 815 3823 383.
839 3748 928 3823 435.
953 3750 1039 3823 433.
1062 3751 1150 3826 ele.
1173 3748 1259 3819 333.
1282 3750 1327 3836 11,

275 3871 337 3943 43.
361 3871 422 3945 33.
456 3874 542 3947 123.
574 3871 658 3944 153.
691 3872 777 3944 132.
805 3869 889 3942 231.
911 3867 995 3942 253.
1020 3868 1106 3941 213.
1133 3868 1219 3940 211.
1241 3867 1328 3938 324.

276 3991 362 4062 342.
385 3991 469 4066 331.
491 3993 576 4065 433.
600 3990 686 4064 513.
712 3990 798 4064 524.
821 3987 906 4062 531.
928 3989 1014 4062 511.
1037 3989 1124 4062 321.
1140 3987 1226 4060 335.
1241 3986 1327 4059 382.

277 4112 362 4187 ιιι.
386 4112 471 4186 sne.
496 4114 556 4202 111,
581 4110 641 4183 ιι.
665 4085 724 4184 s'e.
749 4111 810 4183 es
830 4109 891 4183 oe.
914 4109 999 4183 111.
1025 4109 1109 4188 rer.
1135 4105 1221 4180 ree.
1241 4106 1325 4178 nso.
