2782 4942
291 371 358 420 vul
732 365 919 414 onerosa,

293 539 388 620 enim
407 536 517 605 otioso
543 531 656 601 omnia
679 539 715 600 et
737 528 900 624 languida
914 529 1015 623 fugit,
1041 529 1090 597 sio
1104 532 1242 623 ubique,
1259 558 1351 626 qaae

295 657 361 727 vim
386 653 516 723 hebent
536 649 639 740 atque
662 648 829 734 virtutem
854 673 895 718 ea
919 657 1076 736 sectatur,
1097 651 1147 720 sio
1167 653 1349 747 unicuiqae

294 777 400 847 verbe
426 769 583 864 pondera
611 769 700 837 insta
730 768 866 852 tribuit,
915 768 964 837 sic
994 783 1155 839 consueta
1176 773 1348 866 relinquit,

292 918 381 967 nova
406 891 529 983 deligit
549 897 584 956 et
604 910 658 956 res
679 886 713 955 in
736 888 813 957 luce
835 887 1001 980 collocat,
1047 901 1084 960 ot
1105 892 1185 961 satis
1208 909 1349 987 superet

293 1148 400 1206 strare
425 1129 555 1222 possis,
604 1149 693 1217 quae
717 1149 818 1196 verae
843 1126 886 1195 sit
908 1149 1054 1219 poeseos
1081 1131 1202 1217 virtus,
1252 1139 1349 1225 quod

294 1256 363 1325 eius
387 1248 557 1332 officinm,
602 1256 638 1315 et
667 1243 759 1315 nude
785 1266 1051 1322 somniatorum
1080 1249 1115 1317 in
1143 1253 1345 1327 canninihus

293 1370 457 1445 faciendis
480 1367 639 1460 pendeat

393 1489 592 1581 Rhymmus
613 1499 727 1559 antem
749 1509 906 1558 versuum
928 1499 964 1558 et
982 1493 1164 1562 verboram
1186 1517 1346 1565 numeros

292 1618 339 1683 ita
370 1621 422 1681 est
451 1609 608 1704 insignis,
655 1616 694 1678 nt
715 1629 793 1677 eum
817 1608 912 1678 nullo
937 1610 1000 1680 nisi
1020 1612 1158 1705 Virgilii
1178 1611 1346 1702 rhythmo

292 1730 483 1824 comparari
502 1749 607 1822 posse
631 1726 802 1811 videatur,
852 1729 1048 1820 nentiquam
1070 1731 1216 1826 Virgilio
1244 1747 1344 1825 post-

171 1894 174 1900 ·
291 1854 391 1946 poni,
416 1845 704 1944 quemadmodum
725 1847 865 1938 quidam
889 1848 1028 1933 faciam,
1054 1851 1113 1942 qui
1136 1851 1171 1920 in
1190 1851 1261 1922 hoc
1286 1879 1344 1925 sa-

291 1972 453 2066 pientiam
478 1991 573 2040 suam
596 1975 765 2038 ostenme
789 1969 945 2061 copiunt,
981 1979 1020 2038 nt
1044 1969 1137 2039 etin
1158 1970 1212 2040 his
1238 1974 1344 2044 veiint

290 2091 419 2183 aliquid
441 2086 712 2180 reprehendere,
762 2086 942 2180 inquibus
969 2085 1056 2156 nihil
1080 2099 1133 2165 est
1152 2091 1342 2183 reprehen-

289 2213 458 2295 dendum,
505 2207 568 2278 sed
594 2208 760 2300 pleraque
786 2207 899 2277 omnia
922 2207 1103 2280 laudanda
1154 2212 1236 2307 Ego
1260 2237 1344 2286 vero

288 2344 323 2403 et
348 2330 549 2422 rhythmum
575 2341 610 2398 et
635 2328 818 2399 dictionem
844 2328 1038 2399 Lucanam
1062 2331 1147 2401 tanti
1170 2333 1279 2421 facio,
1305 2347 1343 2406 ot

289 2452 490 2536 existimem,
521 2450 581 2541 qui
604 2457 712 2520 artem
736 2448 908 2540 poeticam
931 2449 1131 2521 condiscere
1153 2455 1252 2542 velit,
1278 2480 1340 2527 ve-

286 2597 430 2665 rumque
459 2573 614 2666 vigorem
634 2567 807 2661 poeticum
829 2568 995 2640 imbibere
1024 2582 1059 2640 et
1081 2573 1229 2663 experiri
1254 2578 1339 2667 quid

285 2697 387 2766 liceat
408 2714 490 2762 vero
512 2699 648 2783 poetae,
673 2697 709 2757 et
732 2710 802 2780 qao
826 2702 981 2784 assurgat
997 2714 1078 2778 aen
1093 2715 1161 2780 ars,
1176 2694 1260 2786 quid
1275 2720 1340 2767 aa.

286 2818 367 2886 dest
390 2824 425 2885 ct
450 2833 520 2903 qne
540 2807 669 2893 undat,
687 2830 730 2876 ex
752 2809 847 2880 nolio
870 2831 982 2903 paene
1005 2813 1123 2885 melius
1145 2837 1249 2904 qoam
1262 2816 1338 2886 Lo·

284 2956 410 3006 aneae
431 2930 510 3003 artis
536 2928 694 3022 exemplo
716 2928 854 3000 edoceri
873 2953 986 3024 posse

385 3053 490 3140 Quod
512 3061 625 3120 antem
649 3051 685 3119 in
709 3050 801 3120 omni
825 3052 973 3123 carmine
994 3075 1056 3126 suo
1081 3054 1257 3126 historiam
1278 3083 1334 3128 sc·
1366 3129 1369 3135 ,

282 3175 401 3281 ¹qaino.
423 3173 565 3257 Noster,
611 3192 723 3261 neque
752 3169 1002 3266 mythologiam
1022 3175 1170 3267 aliquam
1193 3178 1333 3249 iurene.

281 3294 368 3380 xnit,
396 3315 466 3384 quo
489 3291 634 3360 Homeri
657 3293 848 3384 exemplum
877 3301 937 3361 aut
956 3292 1154 3388 Virgilium,
1182 3296 1332 3366 imitato-

280 3437 353 3484 rem
375 3412 458 3497 eius,
478 3413 554 3503 ipse
576 3409 678 3480 etiem
707 3410 905 3498 imitaretur,
926 3411 965 3481 id
984 3413 1078 3483 laudi
1103 3414 1255 3486 dandum
1274 3441 1332 3488 es-

279 3558 316 3605 se
341 3545 376 3604 et
395 3532 498 3602 licere
520 3532 615 3603 hono
638 3541 778 3624 poetae,
821 3532 928 3623 quivis
951 3531 1055 3602 iustas
1075 3532 1198 3604 harum
1218 3559 1330 3607 rerum

277 3653 403 3723 arbiter
439 3645 613 3725 concedet
688 3651 850 3724 Ceteram
892 3654 1059 3723 elementa
1092 3655 1328 3750 mythologice

276 3774 371 3844 hond
394 3774 514 3844 deesse
538 3773 572 3841 in
595 3773 747 3859 Lucano,
767 3772 827 3864 qui
852 3784 1039 3844 rectorem
1054 3773 1328 3861 consideraverit,

274 3916 385 3984 neque
408 3895 444 3960 in
467 3891 585 3961 fonnis
608 3902 666 3961 aut
690 3893 880 3964 nominibus
903 3892 1054 3979 haereat,
1079 3893 1181 3964 facilc
1201 3893 1328 3965 fatebi-

274 4030 345 4098 tur,
391 4014 420 4082 si
452 4012 657 4095 meminerit,
704 4022 866 4106 quantam
897 4023 1003 4104 poeta
1029 4012 1195 4082 ominibus
1223 4025 1327 4105 atque

272 4133 440 4227 prodigiis
473 4131 599 4203 tribuat
628 4133 663 4202 ira
693 4132 802 4225 iisqne
828 4134 1036 4224 exponendis
1063 4135 1189 4204 multus
1220 4134 1262 4203 sit
1291 4146 1325 4204 et
