2782 4942
502 365 686 416 Emsronn.
1057 370 1126 420 xm

63 555 130 624 per
156 533 270 602 omnia
291 539 384 600 certa
408 532 543 602 videtur
564 557 642 602 usus
670 555 744 602 esse
769 533 919 618 ratione;
956 539 1118 626 quemad-

64 653 208 722 modum
241 653 399 743 plerique
425 651 532 721 critici
558 652 704 740 faciunt,
754 660 792 722 ut
816 653 873 722 hic
896 655 966 724 illic
994 658 1123 749 aliquid

64 772 261 857 immutent,
305 772 372 841 alia
393 782 510 841 contra
536 773 607 841 sine
633 795 751 842 caussa
775 773 900 844 intacta
923 777 1123 869 relinquant.

65 891 119 959 lle
150 890 244 959 cuius
274 893 365 960 omni
393 893 525 961 ratione
552 901 586 961 et
619 892 663 961 de
689 893 979 965 emendationibus
1010 899 1054 967 ab
1081 920 1123 969 eo

66 1010 178 1097 factis,
200 1013 333 1098 linum,
352 1012 469 1103 paullo
497 1013 586 1082 infra
607 1014 793 1082 accuratius
819 1037 995 1106 exponam.

169 1132 279 1226 Igitur
315 1133 390 1223 ipse
422 1142 531 1203 textus
564 1134 796 1203 recensionem
829 1135 979 1226 aliquam
1010 1137 1124 1209 facere

66 1252 211 1335 institui3
259 1275 347 1344 quae
367 1253 532 1343 ¹quoniam
559 1253 630 1323 sine
656 1264 750 1325 certa
775 1255 889 1348 aliqua
912 1278 1047 1344 nonna,
1076 1260 1124 1327 uti

68 1397 136 1467 ego
164 1372 304 1465 quidem
330 1374 495 1460 existimo,
520 1397 703 1465 numquam
728 1376 817 1445 bene
841 1379 1032 1468 procedere
1056 1400 1125 1470 po-

67 1493 164 1580 terit,
186 1493 469 1586 Argentinensem
492 1495 569 1586 cepi
590 1495 785 1583 editionem,
810 1497 953 1566 multum
973 1499 1069 1567 illam
1090 1507 1125 1566 et

68 1615 113 1682 ab
140 1613 214 1682 aliis
243 1622 277 1682 et
303 1613 348 1682 ab
373 1613 492 1684 Contio
521 1613 622 1685 etiam
642 1616 829 1704 laudatam,
882 1640 970 1707 quae
995 1619 1126 1710 prodiit

68 1756 159 1802 anno
200 1729 301 1804 15⁰9
334 1757 411 1802 cum
448 1734 586 1825 Sulpitii
623 1738 880 1824 commentario,
929 1747 1124 1831 textumque

68 1852 177 1923 lrabet
204 1855 275 1924 sine
304 1855 410 1923 dubio
434 1856 580 1947 perboui
607 1865 641 1925 et
667 1857 835 1947 praeclari
860 1858 1004 1946 codicis,
1032 1860 1125 1928 cuius

68 1973 234 2043 lectiones
269 1975 464 2067 discrepant
492 1976 527 2044 iu
552 1977 647 2046 haud
671 1978 789 2068 paucis
817 1979 901 2047 locis
929 1981 972 2047 ab
999 2002 1041 2049 oo
1064 2002 1126 2048 co-

70 2091 167 2179 dice,
214 2118 283 2186 quo
307 2119 386 2166 usus
412 2106 464 2166 est
491 2096 674 2187 sulpitius,
720 2120 825 2189 quum
851 2100 1127 2171 commentarium

71 2235 170 2282 suum
206 2217 443 2295 conscriberet.
519 2215 610 2285 Eum
646 2217 751 2310 igitur
783 2227 911 2290 textum
945 2219 1127 2314 diligenter

71 2357 151 2404 cum
184 2337 325 2431 vulgato
362 2346 501 2406 etcum
531 2335 694 2406 cortiano
725 2339 870 2426 contuli,
917 2337 1127 2432 adhibuique

72 2465 219 2546 quatuor
242 2456 376 2526 codices
401 2451 608 2550 Lipsienses‚
631 2478 776 2546 quorum
800 2460 962 2529 lectiones
987 2476 1128 2529 accura-

71 2584 108 2645 te
132 2576 301 2647 Weberus
322 2579 358 2647 in
381 2578 529 2648 editione
552 2577 805 2649 Fleischeriana
830 2580 984 2650 dederat.

175 2698 357 2768 Praeterea
382 2721 459 2767 usus
488 2721 562 2768 snm
586 2697 725 2789 antiqua
749 2699 898 2769 editione
920 2701 1014 2770 Petri
1034 2701 1130 2770 Aeo-

72 2819 149 2904 lici,
178 2817 318 2909 Lipsiae
343 2819 509 2910 impressa
535 2843 556 2887 a
580 2818 732 2889 Martino
755 2821 996 2915 Laudabergio
1023 2829 1130 2912 typo-

73 2939 231 3032 grapho,
278 2948 354 3008 ante
376 2961 500 3006 annum
523 2938 613 3007 forte
637 2936 755 3026 1494,
798 2964 901 3032 quam
925 2941 1010 3010 milri
1032 2941 1131 3011 Nob-

73 3060 163 3144 bius‚
187 3060 238 3127 vir
261 3058 558 3128 excellentissima
580 3059 732 3153 mihique
757 3060 987 3148 amicissimus,
1013 3081 1055 3132 ex
1071 3084 1131 3131 sua

74 3180 286 3249 bibliotheca
310 3179 602 3264 commodaveram
627 3181 721 3250 cuius
737 3180 892 3250 editionis
905 3189 1015 3251 textus
1028 3203 1132 3274 egre-

74 3301 134 3394 gie
160 3324 237 3370 cum
261 3298 398 3391 optimis
419 3299 514 3368 libris
540 3299 704 3387 conciuit,
731 3301 767 3370 in
789 3301 902 3370 multia
929 3302 1133 3393 eomprobat

74 3422 380 3514 Argentiuenscm,
414 3420 450 3488 in
476 3420 598 3511 quibus
622 3442 664 3489 ea
688 3444 710 3490 a
732 3421 929 3515 vulgaribus
955 3421 1050 3490 libris
1074 3445 1131 3491 re·

76 3540 181 3626 cedit,
204 3541 240 3610 in
264 3541 338 3611 aliis
359 3540 447 3611 adeo
472 3539 568 3611 haud
590 3538 669 3610 raro
689 3539 827 3631 reliquis
846 3541 1001 3613 omnibus
1027 3563 1131 3632 prae-

75 3661 237 3730 ferendus
264 3683 339 3732 esse
363 3662 508 3732 videtur.

178 3781 256 3851 Hac
277 3783 382 3876 igitur
406 3783 610 3873 supellectili
634 3784 778 3853 itanum
809 3803 902 3867 sum,
935 3791 974 3852 nt
996 3783 1134 3877 Argen-

75 3904 241 3972 tinensem
268 3925 353 3994 prae
385 3903 506 3972 ceteris
537 3903 573 3972 in
602 3903 759 3973 omnibus
789 3901 830 3971 iia
855 3901 939 3971 loeis
961 3923 1132 3993 sequerer,

75 4022 110 4089 in
142 4021 265 4111 quibus
301 4046 340 4091 ea
374 4022 429 4090 vel
453 4031 598 4113 propter
618 4045 754 4092 semum
775 4023 830 4092 vel
857 4043 1027 4092 assensum
1052 4022 1133 4090 reli-

77 4164 224 4233 quorum
250 4143 416 4212 librorum
450 4142 647 4233 Aeolicique
678 4151 767 4213 esset
797 4140 986 4234 probanda.
1045 4140 1133 4228 Qui-
