2782 4942
503 359 687 409 neronom.
1086 362 1127 412 lx

66 525 212 620 egregio
244 525 395 609 iuberet,
449 546 537 615 quse
567 536 665 594 conat
691 524 737 595 de
767 528 907 595 onorio
937 527 1120 621 Delphico,

65 668 225 737 quaeque
248 645 295 714 de
319 641 521 714 Thessaliae
541 644 667 739 magis,
714 643 761 714 de
783 643 969 729 Erichtho,
1018 658 1053 717 et
1073 651 1119 720 de

63 764 141 834 eliis
163 765 266 834 rebus
290 763 438 834 humanu
463 764 702 834 excedentibus
726 765 931 856 exposuerit.
1004 769 1119 859 Atque

62 885 97 952 io
118 880 315 953 Homericis
339 882 410 953 istis
433 883 626 954 omittendis
648 884 781 954 meliori
799 884 958 976 proiecto
972 887 1117 957 obsecu-

62 1013 115 1074 tus
150 1002 237 1073 mihi
263 1004 397 1075 videtur
424 1004 565 1074 oonsilio
591 1014 694 1097 utque
717 1005 855 1090 rationi,
901 1004 1032 1098 quippo
1057 1008 1117 1098 qui

61 1146 247 1216 numquam
273 1124 401 1216 puriter
426 1122 615 1200 laudandus
639 1134 745 1210 esset,
787 1123 874 1194 siin
895 1132 966 1192 tom
989 1127 1117 1194 reoenti

59 1245 204 1314 materis
223 1245 393 1315 Venerem
418 1256 476 1313 sut
499 1243 650 1314 Martem
674 1247 730 1316 vei
751 1242 919 1335 Pompeio
942 1243 998 1312 vei
1024 1241 1114 1314 Gre-

60 1365 129 1434 srri
153 1363 278 1434 anxilio
301 1362 515 1452 adduxisset,
562 1375 619 1434 ant
639 1366 781 1435 eoncilia
805 1365 948 1435 deorum
969 1361 1016 1432 de
1038 1365 1112 1433 Ro·-

59 1506 238 1555 msnorum
267 1484 369 1553 rebus
401 1481 519 1555 habito
545 1496 742 1555 enarrasset
817 1484 934 1554 Potius
961 1483 1056 1576 quod
1078 1483 1113 1551 in

57 1603 129 1673 hoo
149 1604 195 1673 ab
218 1603 424 1672 imitatorum
447 1627 558 1700 grege
581 1629 617 1675 se
641 1603 847 1700 segregrvit,
871 1625 914 1673 eo
933 1604 1011 1695 ipso
1034 1613 1111 1673 tsn—

57 1734 131 1793 tum
151 1723 250 1792 obest
272 1732 310 1791 ut
333 1721 474 1793 inferior
497 1724 581 1809 illis,
618 1734 656 1794 ut
679 1725 800 1796 melior
821 1724 1011 1815 fortiorque
1032 1747 1112 1792 sune

58 1842 215 1912 omnibus
249 1842 289 1911 iis
317 1843 516 1915 iudienndns
548 1869 622 1916 esse
651 1845 825 1929 videntur,
874 1844 933 1936 qni
963 1843 1044 1912 tolie
1076 1844 1112 1911 in

55 1973 163 2057 poete
183 1964 413 2054 maximopere
437 1964 639 2037 desiderent
714 1967 785 2054 Qui
810 1987 891 2034 vero
915 1963 1111 2034 historicam

56 2085 180 2155 seriem
200 2081 371 2170 reiioiunt,
417 2105 475 2154 eos
496 2086 625 2176 pariter
649 2087 796 2157 Annales
818 2107 934 2155 omnes
961 2084 1109 2176 opolien-

56 2228 126 2296 qne
145 2205 294 2274 connino
316 2213 350 2273 et
374 2227 577 2300 magnorum
602 2208 774 2276 nominum
793 2206 829 2274 in
851 2204 918 2274 heo
938 2215 997 2273 eut
1015 2203 1106 2273 simi-

55 2325 80 2392 ii
111 2325 211 2422 poesi
240 2324 400 2416 exemplo
429 2324 626 2416 improbare
657 2337 804 2418 oportet.
874 2326 967 2394 Vere
994 2322 1110 2415 poesis

56 2445 139 2515 nulii
176 2443 238 2513 tnii
271 2443 343 2537 legi
376 2444 538 2515 adstricto
572 2457 640 2531 θοις
685 2469 796 2536 neque
828 2444 1007 2535 quisquam
1040 2442 1109 2511 hoe

54 2574 278 2658 praeceptum
302 2561 399 2633 dedit
422 2574 481 2633 snt
503 2564 586 2637 dure
610 2565 745 2651 debuit,
791 2564 883 2634 utin
904 2585 1110 2657 unoquoque

54 2686 203 2756 carmine
233 2683 332 2776 epioo
364 2684 508 2754 deorum
537 2686 742 2756 interventus
770 2696 806 2755 et
836 2684 978 2754 concilio
1003 2684 1110 2754 inter·

54 2814 279 2899 ponerentur,
302 2813 360 2874 sut
383 2814 421 2874 ut
444 2807 557 2876 omnio
583 2809 628 2877 ad
651 2807 825 2906 eremplur
845 2804 990 2875 Homeri
1011 2824 1108 2872 eom-

52 2933 279 3018 ponerentnr3
326 2935 407 3016 post
440 2949 542 3018 quem
579 2928 771 3019 quicunque
800 2927 953 2998 similiter
985 2924 1106 2994 eudem

53 3045 170 3114 insere
194 3043 384 3132 instituerit,
408 3046 436 3116 is
461 3068 598 3139 semper
623 3071 660 3117 se
684 3048 797 3118 scierit
822 3048 1044 3118 secundorum
1071 3047 1108 3114 in

52 3164 123 3236 istis
153 3185 228 3233 esse
260 3164 412 3237 futurum
440 3166 606 3258 portium,
641 3169 801 3260 quonium
828 3167 936 3238 omnis
963 3165 1106 3235 imitatio

51 3285 256 3376 plenusque
280 3287 439 3380 exemplo
464 3307 527 3359 suo
551 3288 656 3383 longe
680 3287 821 3358 inferior
841 3288 987 3357 erodere
1009 3286 1105 3355 solet

154 3404 261 3491 Quod
285 3405 433 3498 denique
452 3406 545 3478 uinnt
568 3407 615 3478 de
638 3407 819 3501 Pompeio,
842 3415 881 3476 ut
903 3428 1050 3500 persono
1069 3407 1106 3474 in

50 3524 201 3596 carmine
224 3525 399 3619 principe,
456 3527 569 3618 deque
594 3526 721 3598 effectu
741 3525 895 3598 iectionis
919 3536 954 3595 et
979 3524 1106 3596 effectu

50 3645 207 3733 lectorii,
241 3669 311 3737 quo
335 3646 397 3720 fist
420 3658 458 3721 ut
479 3649 608 3741 puriter
634 3647 763 3720 caeso
784 3647 822 3717 in
843 3645 992 3716 eormine
1015 3667 1104 3736 quo·

50 3788 118 3858 que
144 3764 302 3857 superior
324 3766 368 3835 sit
390 3776 425 3836 et
448 3767 561 3842 vitiem
582 3766 803 3858 Pompeium,
842 3773 945 3856 atque
963 3764 1044 3833 vicit
1068 3765 1103 3832 in

50 3885 186 3977 proelio
208 3883 425 3974 Pharsalico,
457 3887 496 3958 id
520 3887 622 3978 quale
644 3886 707 3972 sit,
731 3897 823 3956 reete
848 3908 921 3955 rem
945 3882 1102 3952 conside-

52 3996 203 4077 rantibus
233 4004 382 4082 dubitari
411 4030 480 4077 non
509 4016 633 4099 potest
698 4006 816 4078 Voluit
845 4005 882 4073 in
914 4005 1104 4072 universnm

47 4135 155 4222 poete
187 4122 407 4199 morrone
436 4126 523 4197 iliud
553 4125 682 4197 bellum
711 4128 758 4196 ob
790 4125 907 4195 oeulos
939 4125 1105 4193 ieotorn.
