2782 4942
319 370 355 415 vl
755 362 941 412 RHETORA.

322 535 438 625 beret,
473 539 559 622 quae
582 530 720 600 traetsd
744 530 880 621 poetice
902 528 1050 620 possint,
1073 553 1181 622 eaque
1205 533 1374 605 viridissi-

318 653 382 725 mis
416 649 585 721 coloribus
614 658 649 718 et
675 649 818 745 egregia
841 647 1026 719 imitatione
1046 651 1092 720 ob
1107 651 1233 726 oculos
1256 666 1374 748 ponat,

319 770 570 868 philosophicis
591 772 719 862 ubique
744 768 915 840 sententiis
937 769 1147 858 intermixtis,
1169 781 1203 843 et
1226 775 1376 844 oratoria

320 904 392 965 arte
425 917 466 963 ea
494 890 666 977 adhibita,
717 913 820 984 quam
854 892 927 960 iure
960 911 1076 960 omnes
1107 891 1264 978 admirati
1288 903 1375 982 sunt,

320 1016 512 1109 quicunque
550 1011 596 1080 de
628 1011 770 1081 Lucano
804 1009 1085 1102 scriptitavernnt.
1158 992 1379 1107 Quamquam’

320 1158 388 1232 ego
417 1133 549 1204 nonnisi
575 1129 757 1201 mediocris
782 1132 924 1229 ¹siguum
954 1132 1090 1202 lectoris
1118 1156 1193 1203 esse
1216 1133 1374 1224 iudicem,

320 1253 380 1350 qui
402 1255 492 1325 haue
516 1253 625 1323 solam
650 1250 759 1326 nudis
785 1258 944 1321 caussam
960 1276 1034 1332 esse
1059 1254 1235 1329 censuerit.
1280 1257 1373 1338 Nam

320 1374 496 1447 tamenetsi
516 1372 612 1444 haud
635 1370 854 1442 inficiandum
875 1372 934 1458 sit,
954 1375 1176 1467 praecipuam
1194 1359 1277 1445 ¹sarm
1300 1373 1372 1446 No-

320 1507 427 1567 strum
450 1497 485 1564 iu
511 1492 717 1564 orationibus
745 1515 829 1585 quas
855 1495 994 1564 carmini
1014 1519 1075 1572 suo
1099 1496 1255 1583 intexuit,
1280 1498 1373 1588 (eam

321 1618 410 1690 enim
445 1613 656 1710 intelligunt)
696 1614 880 1684 exseruisse
914 1596 1096 1687 oratoriam
1128 1625 1236 1688 artem
1272 1627 1374 1712 atque

324 1740 389 1808 vim
412 1747 455 1812 et¹
472 1735 623 1829 copiam,
665 1743 779 1805 tamen
802 1757 870 1829 ego
893 1744 1023 1806 tanturn
1044 1738 1141 1808 abest
1166 1749 1204 1808 ut
1227 1763 1303 1810 earn
1328 1741 1374 1833 ob

320 1879 394 1928 rem
418 1856 606 1950 praecipua
629 1854 744 1947 palma
767 1853 963 1925 donandum
986 1880 1159 1945 censeam,
1201 1871 1238 1930 ut
1260 1860 1375 1931 existi-

321 2001 412 2051 mem
435 1975 645 2073 magisideo
667 1997 741 2045 esse
766 1973 990 2063 laudandum,
1032 1977 1128 2070 quod
1146 1979 1182 2050 in
1195 1980 1286 2073 xipsis
1309 1981 1374 2051 illis

322 2097 540 2184 emtionibus,
559 2096 648 2188 'quas
673 2105 852 2193 tantopere
874 2119 991 2167 onmes
1013 2098 1231 2188 admiramur,
1252 2101 1375 2173 mode-

323 2218 480 2325 ratiorem
514 2240 588 2288 sese
617 2216 779 2313 gesserit,
830 2226 1004 2309 artemque
1030 2217 1125 2289 illam
1151 2219 1375 2310 declamandi,

323 2362 410 2435 qnae
432 2337 488 2406 ssla
512 2345 633 2425 aetate,
657 2336 706 2408 uti
731 2338 830 2423 nosti,
855 2338 986 2424 itanu,
1011 2339 1079 2409 iam
1102 2342 1137 2411 in
1158 2332 1272 2412 vitium
1295 2367 1375 2412 eru-

322 2469 437 2552 perat,
461 2467 622 2551 quautum
648 2457 724 2527 lieri
743 2457 871 2551 potuit,
898 2457 1149 2549 constrinxerit,
1171 2464 1218 2533 ita
1238 2473 1275 2534 ut
1294 2487 1375 2533 vera

321 2566 434 2674 potius
462 2603 567 2671 quam
587 2588 749 2651 exornata
768 2579 896 2672 ubique
919 2579 954 2648 in
977 2578 1043 2649 illis
1064 2582 1270 2657 erationibus
1290 2607 1376 2676 pru-

323 2700 537 2772 dentissimus
570 2710 676 2793 poeta
708 2700 824 2792 eloqui
855 2690 1065 2791 praetsderit
1116 2703 1229 2790 Quem
1255 2704 1375 2775 vividis

321 2831 434 2894 autem
459 2822 629 2893 coloribus
656 2822 787 2913 reliqua
816 2821 918 2892 etiam
943 2819 1116 2917 depingit!
1167 2848 1270 2919 quarn
1294 2825 1376 2895 furti

303 2942 506 3035 lucidoque
540 2941 686 3013 carmine
723 2940 868 3012 heroum
902 2963 1054 3014 suorum>
1070 2965 1181 3016 mores
1213 2944 1374 3017 illustrat!

322 3072 482 3157 qunutam
510 3061 766 3157 philosophiam
794 3062 942 3133 ostendit
963 3063 999 3152 in
1024 3064 1148 3142 caussis
1174 3088 1287 3138 rerum
1310 3066 1373 3136 de-

321 3181 507 3259 clarandis!
557 3194 716 3276 quantam
740 3191 847 3264 artem
870 3184 906 3252 in
919 3184 1096 3280 eligendis
1121 3194 1156 3256 et
1179 3187 1375 3261 mercandis

320 3307 361 3378 iis
384 3308 498 3392 rebus,
521 3328 608 3397 quae
633 3328 748 3376 verum
770 3316 804 3376 et
827 3296 1010 3402 iugenuam
1031 3304 1293 3381 delectationem
1309 3329 1375 3399 pa·

321 3451 397 3501 rere
437 3423 584 3520 possint!
638 3436 676 3496 ut
715 3427 750 3496 in
786 3448 992 3518 unoquoque
1029 3425 1118 3497 libro
1154 3426 1233 3496 sutis
1268 3428 1375 3498 multa

321 3557 523 3641 suppetant,
572 3547 607 3615 in
633 3546 753 3638 quibus
780 3569 857 3616 eum
881 3547 968 3618 iusta
994 3547 1216 3618 admiratione
1236 3547 1373 3618 lectoris

320 3671 448 3742 animus
476 3668 618 3738 haerere
642 3667 766 3761 possit;
815 3666 919 3739 veluti
937 3667 974 3737 in
997 3669 1126 3761 primo,
1162 3667 1316 3745 Caesaris
1337 3667 1373 3736 in

191 3860 196 3865 .
319 3789 451 3865 ltaliam
477 3788 652 3874 adventus,
677 3797 712 3858 et
732 3797 841 3858 metus
861 3789 1001 3885 popidi3
1024 3789 1061 3860 ‘nr
1075 3787 1234 3874 secrurdo,
1255 3809 1373 3858 recor-

301 3896 304 3903 ’
320 3910 413 3983 datio
435 3920 628 4002 temporum
650 3910 768 4002 Syllae
792 3907 974 4002 Mariique,
1000 3908 1088 3983 cau
1102 3907 1284 3995 Uticensis,
1296 3907 1373 3979 Ru-

319 4031 414 4115 bico,
443 4033 529 4126 t'uga
552 4030 725 4122 Pompeii3
759 4031 877 4117 tertio,
907 4032 1040 4106 &ruse
1065 4039 1188 4116 emus,
1214 4052 1373 4100 recensus

320 4156 494 4244 copiarum
515 4153 686 4244 Pompeii,
715 4164 749 4223 et
774 4174 892 4250 pugna
918 4153 963 4229 ad
985 4151 1192 4241 Massiliam
1240 4159 1373 4242 quarte,
