2782 4942
496 359 682 413 urrerem.
1030 371 1123 420 xxm

62 544 218 630 spectum
243 527 411 601 babuerit.
487 529 592 600 Cuius
625 531 654 599 si
686 530 865 601 voluissem
891 532 978 603 fdss
1008 539 1121 607 omnis

63 656 285 740 convellere,
299 649 408 742 magis
432 648 467 717 in
488 647 544 731 his.
566 649 759 720 debultwm
777 673 920 742 operam
942 655 1121 747 impende-

61 801 117 865 re,
153 796 244 866 quse
264 794 333 842 uon
352 793 433 840 vers
456 776 584 854 esseut,
623 791 726 859 qusm
749 770 785 840 in
809 773 995 846 verioribus
1023 801 1119 848 eom-

62 894 301 968 monstrsndis.
361 890 465 980 Atqui
493 913 560 983 ego
580 888 757 960 tmneuetsi
781 893 977 984 neutiquam
1004 899 1061 966 vel
1084 900 1120 968 iu

61 1017 208 1087 mathesi
235 1015 291 1083 vel
320 1013 353 1081 in
375 1011 512 1101 reliquis
535 1013 637 1080 rebus
662 1012 766 1101 plane
791 1014 1010 1087 reiioiendsm
1037 1044 1119 1090 ceu-

61 1162 157 1209 sesm
181 1133 410 1229 spsgogicsm
434 1133 529 1202 lllsm
550 1131 731 1217 rationem,
760 1155 862 1223 quum
884 1138 1023 1225 quidam
1044 1164 1120 1211 m..

60 1259 115 1356 gis
158 1259 261 1326 mam
293 1255 381 1324 iusto
410 1253 577 1347 diligunt,
629 1262 743 1321 tamen
772 1253 832 1322 ubi
863 1257 1009 1329 brevitas
1042 1271 1120 1331 ante

59 1380 176 1449 omnis
201 1377 363 1447 seotsnds
390 1386 458 1460 est,
508 1373 634 1464 potius.
653 1373 688 1442 iu
710 1374 798 1443 veris
824 1377 991 1466 ponendis
1017 1401 1120 1470 quam

60 1501 96 1570 in
134 1499 229 1568 falsis
271 1495 458 1566 refutandis
494 1493 692 1563 industriam
725 1514 835 1565 meam
864 1521 918 1567 me
949 1500 1119 1572 collocare
1157 1552 1159 1558 ·

60 1643 165 1713 posse
187 1617 299 1708 cupio.
349 1618 422 1688 Nec
446 1615 554 1693 minus
575 1615 732 1684 Bentleio
758 1615 958 1706 Clercquius
982 1620 1040 1690 ille
1053 1646 1119 1692 van

60 1743 167 1813 dener
196 1763 274 1809 cnm
296 1738 408 1834 longis
434 1737 502 1806 suis
526 1730 870 1807 animadversionibus
894 1749 1024 1810 tantum
1050 1767 1119 1814 non

62 1863 190 1952 ubique
228 1863 371 1931 lsterem
409 1858 492 1929 lavit
529 1857 711 1945 oleumque
742 1864 778 1925 et
810 1871 953 1948 operam
982 1882 1117 1934 omnem

27 2005 30 2015 ·
61 1980 232 2074 perdidit3
254 2003 359 2072 quum
380 1979 555 2050 Bentleius
580 1988 704 2063 tumen,
731 1978 780 2046 uti
800 1978 835 2045 in
858 1979 1014 2050 omnibus
1039 1985 1118 2069 suis,
1186 2015 1188 2019 ·

63 2113 156 2173 certe
189 2102 237 2171 ob
269 2101 454 2171 dictionem
486 2121 554 2187 qua
586 2107 707 2166 cuneta
738 2097 942 2168 illustratet
974 2116 1119 2194 propter

63 2225 196 2314 reliqua
216 2222 358 2317 egregia
382 2222 508 2310 ubique
534 2218 695 2302 eandem,
725 2239 827 2305 qusm
850 2227 885 2287 et
911 2221 945 2290 in
969 2226 1119 2295 meliori-

62 2346 126 2414 bus
150 2344 230 2430 suis,
253 2341 515 2412 oblectationem
533 2337 655 2430 pariat.
706 2338 834 2407 Verum
855 2339 943 2410 haec
966 2344 1122 2435 philolo·

63 2465 99 2560 gi
123 2470 289 2558 gustent,
323 2460 608 2555 elegantiorisque
632 2459 792 2529 ademerit
814 2461 988 2534 doctrinae
1009 2475 1120 2537 secta-

63 2594 174 2671 tores,
199 2582 260 2653 nbi
284 2592 343 2653 ant
362 2581 536 2676 ingenium
561 2591 811 2666 exercere,⁴·sut
835 2584 1120 2657 oblectamentum

65 2726 191 2795 capere
214 2712 381 2798 satagunt,
433 2704 501 2789 Qui
526 2726 642 2771 verum
661 2702 807 2772 auctoris
832 2704 1040 2774 intellectum
1064 2729 1120 2777 se·
1266 2701 1274 2717 ⁴

65 2834 192 2910 otetur,
218 2846 296 2892 enm
317 2825 486 2894 obstinere
509 2846 613 2914 saepe
638 2831 775 2914 oportet
795 2824 840 2893 ab
861 2822 931 2910 lris,
953 2850 974 2894 a
998 2826 1120 2916 quibus

66 2946 120 3016 vel
141 2954 287 3036 propter
310 2946 544 3028 auctoritatem
568 2944 728 3030 nominis,
775 2944 832 3015 vol
856 2967 920 3036 per
943 2944 1121 3040 insignem,

65 3089 134 3157 qus
166 3065 353 3150 excellunt,
403 3064 585 3135 oratorium
604 3075 718 3135 ortem
741 3065 787 3136 sd
811 3066 991 3136 falsissima
1016 3089 1122 3156 quse-

67 3209 136 3278 que
160 3186 399 3277 amplectenda
419 3185 546 3255 deduci
570 3194 682 3276 queat.
1002 3268 1006 3275 ἱ

168 3307 325 3398 Denique
364 3305 507 3376 adhibui
548 3306 857 3398 splendidissimam
901 3306 995 3375 illsm
1036 3323 1124 3396 quae

68 3427 295 3513 vindobonae
322 3426 417 3518 apud
447 3427 640 3522 Degenium
665 3428 797 3519 prodiit
828 3427 1027 3513 editionem,
1080 3430 1124 3498 ab

67 3550 215 3642 lllyoino
241 3548 391 3639 quodam
413 3556 573 3635 curatum,
600 3548 660 3638 qui
684 3550 891 3619 Viennenses
921 3549 1050 3638 aliquot
1064 3572 1125 3618 co-

68 3672 163 3761 dices
189 3669 370 3740 contulisse
396 3691 432 3736 se
447 3667 591 3754 scribit,
636 3678 786 3739 ceterum
810 3669 1041 3740 recensionem
1066 3693 1127 3740 ex-

68 3791 181 3864 hibuit
213 3791 318 3882 plane
342 3790 536 3883 vulgatam,
586 3800 725 3880 praeter
749 3790 969 3882 paucissimos
997 3789 1128 3880 aliquot

69 3913 184 3999 locos,
222 3912 257 3981 in
283 3912 404 4000 quibus
431 3909 556 4002 partim
581 3920 709 3979 textum
733 3911 856 3982 misere
880 3912 1127 4003 pessumdedit,

70 4041 107 4101 ut
131 4033 160 4119 1,
187 4030 264 4101 loo
286 4031 367 4121 (nisi
394 4032 557 4100 memoria
580 4054 635 4101 me
660 4032 765 4117 fallit3
790 4056 869 4102 nam
893 4033 1019 4103 librum
1039 4056 1128 4104 nunc

72 4176 137 4222 non
179 4153 225 4222 ad
263 4176 381 4224 monus
411 4152 540 4236 liabeo)
574 4152 630 4221 ubi
659 4176 697 4224 ex
732 4153 816 4228 cdd.¹
840 4163 925 4245 puto
958 4152 1128 4243 rescripsit
