2782 4942
160 346 187 394 ι
598 338 786 407 urrerem.

167 532 313 604 ponere,
352 530 421 599 quo
446 508 554 578 omnis
581 515 687 578 status
710 505 920 598 reipublicae
946 508 1123 576 Romanae
1149 517 1229 574 tau-

169 645 292 722 topese
328 637 379 699 est
408 629 620 711 immutatum
670 649 740 698 non
767 625 875 696 veluit
894 638 1006 698 autem
1027 652 1048 697 a
1073 625 1228 719 partibus

174 750 329 824 Caesaris
358 758 465 836 stare,
509 751 659 842 primum
687 749 768 841 quis
786 749 844 818 ab·
863 770 905 818 eo
932 771 1069 820 eversae
1096 748 1235 816 fuerant

174 874 291 966 leges,
316 869 442 949 deinde
468 873 547 964 quis
567 871 676 943 noluit
696 867 886 940 encomium
910 871 1024 961 potins
1052 869 1122 938 eins
1144 868 1256 938 scri-⁴

174 996 269 1079 bere,
294 1015 398 1084 quam
422 1016 496 1064 rem
517 988 629 1087 ipsam
649 993 694 1061 ab
722 999 866 1080 utraque
886 1000 985 1093 parte
1005 991 1234 1083 ¹spectandam

176 1114 364 1206 praebere,
408 1130 477 1205 quo
502 1099 570 1207 ipsi
595 1117 759 1197 lectores,
792 1119 904 1185 utrum
928 1121 1148 1204 sequerentur
1177 1104 1236 1183 arnt

178 1235 440 1330 admirarentur,
467 1236 532 1306 sibi
559 1235 734 1328 eligerent.
784 1234 1008 1324 Nequaquam
1034 1241 1146 1303 autem
1169 1256 1236 1302 no-

178 1356 281 1425 luisse
303 1355 487 1426 Gaesarem
511 1378 648 1447 queque
674 1357 720 1424 ab
745 1376 819 1423 sese
841 1354 984 1440 laudari,
1008 1335 1133 1446 aperte
1147 1377 1234 1447 pro-

180 1476 232 1551 dit
256 1476 293 1546 in
314 1477 373 1565 iis,
397 1501 485 1571 quse
506 1478 595 1546 libre
616 1476 676 1563 ul,
697 1499 746 1546 rs.
769 1473 845 1544 983
871 1497 947 1567 sqq.
970 1476 1016 1545 ad
1041 1476 1154 1567 iprum
1180 1478 1236 1546 le-

183 1599 296 1688 quitur
318 1596 373 1667 his
401 1599 528 1668 verbis:
1202 1610 1203 1613 ’

226 1751 329 1830 Nom,
352 1757 383 1816 si
402 1753 477 1837 quid
496 1745 601 1815 tores
614 1754 673 1834 fos
692 1760 740 1814 est
755 1752 939 1834 promittere
961 1749 1073 1828 Musis,

227 1855 387 1932 Quantum
407 1855 572 1939 Smyrnaei
589 1856 744 1919 duratum
762 1858 845 1917 votis
863 1854 1003 1932 honorae

233 1957 366 2024 Venturi
381 1981 432 2024 mo
454 1968 544 2043 teque
566 1961 690 2043 legent:
712 1959 879 2022 Pharsalia
892 1966 1009 2021 norm

234 2061 342 2142 Vivet,
367 2072 399 2127 et
421 2087 441 2129 a
462 2067 549 2130 oudo
568 2065 702 2129 tenebris
720 2062 933 2126 damnabimur
953 2081 1038 2126 aevo.

103 2300 108 2312 Ι
186 2204 259 2276 Sed
279 2208 372 2277 idem
393 2218 525 2296 temen,
558 2211 751 2298 ubicunque
775 2229 853 2275 eum
878 2205 1009 2277 inducit
1032 2207 1086 2274 vel
1111 2206 1241 2275 facien-

187 2336 257 2396 tem
282 2329 338 2398 vel
363 2330 579 2421 eloquentem
603 2329 749 2421 aliquid,
797 2328 861 2396 nisi
884 2327 918 2395 in
944 2329 1045 2396 rebus
1071 2328 1244 2418 adiapho-

188 2447 250 2534 ris,
291 2459 483 2520 constanter
506 2462 541 2521 et
561 2452 689 2542 ubique
714 2451 761 2518 ita
785 2448 931 2535 inducit,
966 2459 1002 2517 ut
1027 2459 1147 2538 carpat
1172 2448 1244 2518 eius

190 2568 367 2643 censium
390 2571 596 2663 suscipiendi
621 2547 709 2640 illius
732 2570 832 2653 belli,
857 2579 1130 2661 potestatemque
1151 2592 1244 2638 snm-

189 2711 282 2759 mam
310 2713 352 2760 eo
384 2691 463 2782 ipso
493 2693 588 2762 bello
610 2704 745 2783 partun
768 2705 949 2761 aversetur.
1001 2691 1056 2761 De
1076 2690 1246 2782 Pompeio

190 2817 303 2878 summ
343 2811 429 2900 quid
463 2834 544 2881 vere
574 2814 711 2899 sentiat,
760 2815 894 2882 disertis
916 2815 1131 2904 eloquentem
1162 2811 1247 2880 fucit

191 2926 356 2999 Catonem
387 2931 477 3000 libro
508 2933 574 3018 lx,
624 2957 688 3002 sss.
716 2933 791 3004 lue
821 2959 896 3026 sqq.
947 2934 1061 3020 Quem
1087 2933 1247 3023 profecto

190 3048 342 3119 laudavit
364 3060 401 3120 st
422 3053 542 3122 extulit
567 3054 715 3123 carmine
738 3076 816 3141 sno,
843 3064 1004 3146 qnantum
1025 3055 1137 3145 potnit
1157 3075 1246 3145 pee-

189 3177 226 3238 tr
244 3193 389 3264 ⁸magnus
414 3182 450 3242 at
474 3172 572 3242 fortir
599 3178 727 3244 otveri
752 3177 936 3270 legumque
959 3194 1084 3244 amans.
1149 3175 1249 3245 Idem

190 3298 305 3359 tamen
329 3292 499 3384 impedire
522 3317 589 3364 nse
609 3294 723 3387 potuit
741 3319 855 3388 neque
878 3298 1001 3382 veluit,
1050 3296 1132 3387 quin
1156 3295 1248 3365 Gae-

192 3410 276 3480 seris
302 3435 440 3506 quoque
465 3416 602 3488 laureae
626 3418 719 3485 clare
743 3417 957 3512 effulgerem.
992 3418 1087 3505 Quas
1108 3416 1249 3486 siunice

168 3540 250 3600 'aut
275 3535 461 3627 praecipue
481 3537 659 3606 sectandas
686 3538 750 3607 sibi
769 3539 985 3632 sumpsisset,
1010 3536 1168 3629 Pompeii
1192 3559 1250 3606 sa-

192 3672 236 3719 ne
255 3675 309 3721 res
330 3665 451 3748 gestae
474 3666 615 3749 totaque
635 3658 707 3728 eins
727 3659 844 3754 image
869 3659 904 3727 in
929 3659 1021 3728 omni
1038 3659 1188 3728 carmine
1203 3657 1251 3728 ad

194 3771 337 3842 nihilum
362 3778 459 3868 quasi
483 3778 626 3848 reducta
640 3790 740 3867 esset,
766 3780 1122 3873 qnandoquidemper
1137 3779 1251 3848 omnia

193 3893 324 3964 nonnisi
361 3897 467 3991 fugae
508 3900 580 3968 eius
612 3910 671 3970 ant
697 3902 813 3973 clades
846 3901 990 3971 fuissem
1016 3896 1250 3993 explicandae.

98 4063 100 4066 -
194 4013 364 4098 Quonim
394 4027 505 4088 nutem
535 4021 611 4112 ipse
636 4030 741 4113 posta
765 4047 786 4092 a
811 4023 966 4116 partibus
991 4013 1149 4114 Pompeii
1174 4029 1251 4104 stat,

193 4155 211 4200 a
236 4157 305 4226 quo
328 4146 362 4206 et
387 4138 559 4213 universus
586 4152 738 4230 senatus,
766 4153 800 4214 et
824 4142 964 4230 (dicero,
988 4152 1022 4214 et
1046 4142 1134 4214 (isto
1158 4143 1251 4212 Bro-
