2782 4942
393 959 766 1058 EPISTOLA.

482 1160 685 1174 W-

56 1246 178 1333 flaud
203 1261 370 1354 ingratam
396 1236 585 1342 causamve,
627 1256 764 1341 nrm,
807 1279 862 1324 me
887 1255 1023 1326 confido
1048 1257 1111 1327 de-

58 1383 150 1452 disse
171 1402 324 1471 operam,
346 1402 451 1470 qnam
470 1377 510 1446 iis
531 1376 590 1467 qui
609 1375 786 1446 Lucanum
805 1376 922 1471 legere
938 1389 1112 1468 cuperent,

57 1510 163 1587 textu,
187 1507 350 1590 quantum
370 1497 445 1582 fieri
465 1505 594 1588 posset,
619 1494 834 1565 emendando
850 1496 1111 1577 conlustranda

59 1619 336 1690 commoditatem
370 1617 519 1708 aliquam
549 1636 672 1707 parare
703 1615 831 1699 studui3
876 1616 905 1688 is
937 1616 1027 1686 euim
1060 1627 1113 1686 est

57 1751 180 1835 pocta,
213 1737 271 1830 qui
295 1748 329 1808 et
353 1738 591 1809 sententiarum
611 1735 794 1830 gravitate,
823 1745 858 1806 et
878 1736 1033 1828 pondere
1053 1759 1112 1806 re-

58 1887 150 1948 rum,
202 1869 236 1929 et
274 1858 448 1927 doctrinae
486 1856 656 1950 elegantia
691 1854 992 1949 profunditateque
1024 1858 1111 1927 inter

56 1982 263 2076 praecipuos
292 1977 365 2047 iure
395 1978 584 2068 meritoque
616 1977 746 2046 censeri
772 1988 890 2068 queat,
943 1975 1113 2067 quidquid

58 2100 223 2172 obiecerit
249 2099 299 2168 illi
326 2092 538 2194 Scaligcrns,
586 2096 680 2165 cuius
707 2097 987 2166 obtrectationem
1016 2097 1113 2187 quasi

58 2223 170 2290 animo
195 2219 271 2311 ipse
291 2219 521 2310 praesentiens
549 2217 683 2308 scripsit
707 2217 797 2286 libro
816 2218 877 2304 lx,
902 2239 1002 2287 versu
1026 2215 1110 2285 31111.

100 2337 245 2412 Invidus,
267 2356 384 2398 annoso
395 2338 521 2418 samum
541 2338 595 2419 qni
614 2334 745 2418 derogat
764 2354 850 2412 uoco,

102 2442 178 2520 Qui
197 2449 314 2503 vates
334 2439 384 2502 ud
401 2459 494 2503 veru
515 2447 639 2502 cocat.

57 2549 192 2618 Pariter
232 2546 320 2616 cuim
351 2556 454 2639 atque
489 2546 558 2616 illic
595 2569 698 2616 aurea
736 2544 833 2636 sylva
867 2546 1110 2639 Hesperidum,

58 2693 147 2760 quae
169 2690 351 2759 numquam
375 2666 517 2755 exstitit,
546 2668 610 2737 nisi
633 2668 669 2736 in
693 2675 873 2757 poetarum
898 2669 1111 2758 carmimbua,

58 2788 189 2879 reliqua
231 2787 331 2857 ctiam
369 2787 482 2857 omnia
520 2787 703 2857 indicanda
739 2797 815 2856 sunt
850 2811 918 2856 non
949 2786 1112 2861 historiae

59 2931 176 2977 caussa
201 2909 246 2976 ab
266 2908 407 2977 Lucano
431 2909 558 3002 scripta
584 2932 674 2995 esse,
697 2917 754 2976 aut
774 2909 998 2979 astronomiae
1022 2928 1111 3005 geo-

59 3027 306 3123 graphiaeque,
331 3027 394 3097 sed
419 3039 457 3099 nt
478 3031 587 3098 lector
610 3040 645 3098 et
669 3028 817 3098 novitate
842 3036 876 3096 et
900 3028 1110 3122 magnitudi-

59 3172 101 3218 ne
129 3158 163 3216 et
194 3147 314 3242 vigore
346 3148 532 3243 imaginum
557 3172 782 3241 versuumque
814 3147 985 3242 elegantia
1012 3147 1110 3220 dele-

59 3278 216 3356 ctaretur,
243 3267 451 3362 egregiaque
476 3276 662 3361 praecepta
681 3277 794 3339 mente
819 3290 879 3337 sua
904 3266 1110 3360 conciperet,

59 3413 146 3482 quae
180 3412 245 3481 per
279 3411 379 3462 omne
414 3412 551 3461 carmen
572 3399 754 3488 ⁸tamqnam
786 3388 904 3459 stellae
929 3388 965 3458 in
989 3412 1109 3461 sereno

59 3511 201 3580 elucent.

159 3631 288 3701 Scribit
317 3640 429 3702 autem
461 3632 618 3702 Lucanus
652 3654 722 3704 non
743 3643 874 3702 remota
893 3631 939 3701 ab
965 3655 1002 3702 se
1022 3634 1110 3704 suis·

57 3774 125 3842 que
153 3750 365 3842 temporibus
396 3759 454 3820 aut
482 3751 588 3846 longa
610 3762 775 3823 vetustate
801 3754 998 3838 obscurata,
1048 3753 1109 3824 red

57 3894 108 3956 ca,
135 3893 221 3961 quae
242 3894 339 3941 suam
358 3870 463 3961 ipsius
484 3879 629 3941 acutam
650 3872 747 3944 brevi
770 3879 1027 3960 antecesserant,
1049 3897 1109 3945 ea-

56 4012 123 4082 que
145 3990 193 4058 ita
219 3991 372 4081 exponit,
398 4000 452 4077 ut,
476 3991 614 4085 reliquis
641 3991 795 4062 omnibus
817 3992 953 4079 relictis,
978 3995 1109 4065 nonnisi

54 4109 142 4179 haec
167 4118 290 4178 tractet
309 4110 345 4179 in
368 4110 477 4202 iisque
504 4111 731 4207 depingendis
757 4124 908 4184 versetur
932 4125 1035 4252 atque
1056 4117 1109 4186 la·
