2782 4942
486 397 717 457 messurae
744 403 803 452 ure
840 406 919 458 vrrs.
1157 388 1237 463 219

183 571 317 633 lomsuus
340 567 452 630 Pheris
471 568 557 630 miles
578 567 619 630 de
637 587 741 653 puppe
761 568 872 632 salutet

182 657 344 738 Septimius:
365 657 415 736 qui
438 661 510 736 (pro
534 673 677 736 superum
694 652 824 740 pudori)
844 677 927 719 arura
949 659 1076 726 satelles

181 743 260 823 Regia
280 744 421 824 gestslrst
442 740 544 822 posito
565 741 715 803 deformis
738 741 816 825 pilot

180 829 321 906 immanis,
350 828 516 904 violentus,
539 831 643 906 atrox,
664 825 806 909 nulleque
829 830 964 893 ferarum

179 914 269 976 Mitior
288 916 320 976 in
343 914 464 978 caedes.
510 912 585 992 Quis
606 933 686 990 non,
708 912 862 993 Fortuns,
882 925 1020 999 potasset
1164 922 1230 983 uon

179 1001 293 1064 Parcere
313 1008 346 1064 tc
366 1001 504 1084 populis,
525 1000 606 1081 quod
627 1001 709 1064 bello
728 1000 806 1064 lseec
827 1004 932 1065 dextre
952 1011 1099 1084 secesset,

178 1086 382 1169 Thessaliaque
402 1086 510 1169 procul
532 1095 594 1150 um
614 1089 704 1151 noxie
725 1088 786 1152 tels
805 1088 945 1172 fugasses
954 1093 970 1151 'l

177 1172 303 1255 llisponis
324 1175 460 1256 gladios,
478 1194 518 1236 ne
540 1194 600 1255 quo
621 1193 682 1236 non
703 1175 758 1237 list
781 1177 811 1238 in
833 1178 920 1255 orbe,

177 1260 247 1336 ileu,
268 1261 387 1324 facinus
408 1261 497 1323 civile
518 1260 585 1324 tilsi.
627 1261 803 1326 Victoribus
824 1263 898 1345 ipsis

176 1345 318 1425 llcdecus,
337 1353 370 1409 et
388 1367 549 1429 numquam
569 1352 712 1430 superum
732 1349 862 1411 caritura
884 1350 1003 1432 pudore
1161 1351 1228 1414 ddd

177 1433 291 1510 Palula3
312 1434 467 1497 Romanus
489 1434 556 1514 regi
575 1435 620 1497 sic
639 1435 741 1517 paruit
762 1437 856 1514 ensis,

176 1518 359 1602 Pellaeusque
380 1540 459 1604 puer
477 1521 578 1602 gladio
598 1520 654 1582 tilsi
678 1521 757 1584 colla
776 1523 896 1598 recidit,

123 1616 125 1651 ³
176 1605 289 1688 Magne,
309 1615 373 1671 tuo.
416 1606 483 1686 Qus
503 1609 668 1688 posteritse
689 1608 721 1670 iu
743 1609 865 1671 saecule
883 1611 984 1672 mittet

176 1691 340 1774 Septimium
359 1693 462 1756 fumet
486 1693 586 1756 scelus
607 1694 669 1756 lroc
690 1713 751 1777 quo
773 1697 897 1759 nomine
916 1695 1030 1774 dicent,

177 1779 222 1856 Qui
241 1781 325 1843 llruti
347 1781 453 1843 dixere
472 1781 584 1844 celest
626 1780 694 1843 leur
715 1791 841 1845 venerat
863 1783 958 1844 horse
1162 1782 1226 1844 olo

176 1865 323 1930 Terminus
344 1873 515 1945 extremae,
535 1865 739 1950 Phariamque
758 1868 877 1933 sirletus
899 1871 930 1930 ln
951 1869 1051 1931 aluum

176 1950 338 2016 Perdiderat
360 1955 419 2015 iem
439 1954 506 2015 iure
527 1956 583 2016 sul.
626 1953 716 2016 'Puuc
737 1956 888 2038 stringere
910 1957 1025 2018 ferrum

176 2036 256 2118 llcgis
276 2045 413 2103 munstre
429 2047 547 2123 posent.
593 2040 635 2102 Ut
657 2040 732 2103 vidit
753 2045 889 2105 cominus
913 2060 1014 2118 enses,

176 2123 286 2189 lnuolvit
304 2127 422 2204 vultus,
445 2132 554 2208 atquc,
575 2128 746 2210 indignetur
766 2137 904 2211 opertum

176 2210 314 2276 Portuuse
332 2218 491 2295 proestare
512 2220 620 2296 ceput,
640 2220 714 2278 tunc
733 2216 848 2278 lumine
866 2215 989 2298 pressit,
1161 2213 1226 2275 ore

177 2296 377 2380 Continuitque
397 2301 541 2378 enimam,
562 2320 602 2365 ne
625 2320 699 2382 ques
720 2302 879 2365 effundere
898 2321 991 2367 voces

123 2432 125 2439 .
175 2382 283 2465 Posset,
305 2395 337 2448 et
358 2392 512 2450 eeterusm
533 2387 609 2450 dete
631 2407 830 2471 corrumpere
850 2389 971 2452 t'smam.

176 2470 207 2531 lt
222 2481 382 2556 postquam
401 2492 547 2537 mucrone
567 2474 646 2537 letus
667 2475 807 2538 funestus
829 2476 965 2539 Achillas

176 2553 314 2638 Perfudit,
338 2559 422 2623 nullo
443 2563 559 2642 gemitu
580 2563 734 2624 consensit
755 2562 794 2624 ed
814 2563 920 2639 ictum,

175 2639 365 2730 Despexitque
384 2648 487 2726 ucles,
509 2655 672 2730 servetque
690 2649 845 2713 immobile
864 2667 988 2730 corpus,
1159 2642 1224 2706 620

225 2782 284 2832 615.
299 2786 440 2864 preestepe
456 2777 486 2832 0.
506 2780 534 2833 b.
554 2797 578 2834 c.
594 2781 621 2833 d.
640 2809 675 2821 -
694 2779 725 2835 V.
739 2781 873 2852 praetere.
1129 2847 1136 2861 .

228 2853 287 2902 dett.
308 2850 485 2920 vesperaque
507 2848 539 2904 V.
555 2850 602 2902 Ar.
622 2848 653 2904 0.
670 2876 705 2891 -
721 2850 758 2904 At
775 2850 824 2905 Ae.
845 2866 871 2903 e.
886 2849 914 2902 ls.
931 2864 956 2900 c.
974 2845 1001 2900 d.
1020 2845 1206 2916 Respesstqce.

199 2957 253 3009 ooo.
273 2954 339 3023 Quis
355 2972 408 3008 ooo
425 2957 478 3008 etc.
510 2951 605 3010 Videri
623 2973 674 3025 po-
741 2959 801 3009 612.
824 2956 897 3009 lione
922 2955 1055 3024 stringere
1082 2957 1136 3006 etc.
1170 2953 1226 3010 Se·

175 3024 249 3090 teras,
288 3022 429 3106 qutpne,
461 3025 535 3076 bene
569 3024 674 3107 egisse,
709 3025 830 3107 cundum
856 3023 1043 3078 Plutarchum
1068 3021 1224 3090 Septimius

173 3093 234 3175 quod
246 3092 451 3175 Septrmrqmoe
466 3092 619 3177 Plpepselre
628 3111 674 3174 re·
708 3095 875 3177 Pompeique
892 3110 927 3178 ex
945 3091 1047 3162 cymbe
1059 3097 1225 3162 surgentem

172 3163 675 3295 tt'tttotittottttt‘tt't
706 3162 951 3301 tegimenti?
971 3175 1225 3300 {diffiditur}

170 3291 202 3350 ili
216 3298 344 3354 incinere
360 3298 538 3368 patravisset
561 3297 607 3353 Tu
627 3317 675 3353 ve·
706 3307 772 3423 ppqst
796 3317 880 3369 quem
902 3309 932 3352 et
948 3295 1064 3352 Salvius
1081 3303 1109 3351 et
1126 3297 1226 3351 Achil-

171 3380 196 3419 ro
211 3384 275 3422 enm
291 3366 322 3420 in
343 3367 474 3451 Aegypto
501 3384 565 3422 esse
581 3369 674 3422 volui·
769 3369 883 3439 gladios
901 3384 967 3421 euos
984 3365 1137 3433 effinxere,
1173 3367 1225 3421 dn·

169 3435 213 3502 sti,
248 3453 306 3505 quo
331 3441 359 3490 et
384 3434 426 3490 rbi
453 3442 547 3490 essent
572 3437 674 3508 gladii,
707 3455 826 3506 cerasque
842 3436 1035 3490 confoderunt.

169 3505 209 3572 qui
232 3503 265 3558 iu
292 3504 369 3560 circs
395 3503 476 3560 cirili
501 3505 579 3573 bello
596 3506 675 3562 iure·
742 3511 802 3560 618.
819 3524 952 3571 snemoee,
970 3503 1106 3558 videlicet
1123 3503 1224 3576 gledii.

166 3580 228 3629 rest
249 3573 293 3628 lle
310 3571 448 3643 Septimio
464 3590 492 3627 v.
510 3575 547 3628 ed
562 3578 622 3628 668.
708 3573 841 3629 cuiusvis
866 3574 943 3628 enim
968 3571 1021 3629 teli
1045 3574 1141 3643 cespis
1161 3591 1225 3627 me·

191 3645 251 3697 M.
277 3643 441 3709 Ptolomeus,
476 3641 506 3698 ir.
527 3660 552 3697 e.
570 3642 676 3700 Gesse-
709 3662 757 3699 cro
778 3643 891 3699 dicitur.

166 3709 259 3767 sienis.
742 3717 804 3767 619.
837 3713 913 3767 selle
953 3727 983 3783 g.
1022 3711 1152 3765 cmmrit
1187 3710 1226 3764 cd

192 3785 253 3835 6⁰8.
266 3779 377 3848 sedete,
395 3779 604 3836 sellumerrum
621 3780 676 3836 rui·
708 3784 790 3851 ictum
811 3786 906 3851 potest
923 3796 1001 3834 esses
1036 3780 1147 3832 nullum
1165 3778 1227 3832 edi-

162 3847 240 3904 litem
254 3847 436 3904 interemisse
452 3849 597 3920 Magnum.
710 3853 752 3906 dit
777 3849 928 3922 gemitum,
962 3852 1047 3918 etque
1076 3847 1119 3902 its
1144 3847 1227 3915 qussi

159 3918 675 4043 „cocuntium
709 3916 1227 4056 consonemus

192 4059 244 4111 011
275 4055 404 4114 morsm
419 4057 450 4110 in
466 4057 574 4122 emese,
602 4058 632 4124 lu.
650 4073 676 4111 e.
707 4057 865 4112 Plutarcho
878 4055 1116 4125 interpretatum
1133 4058 1229 4122 potest

159 4123 332 4196 Aegyptiam
349 4123 380 4178 iu
396 4140 513 4192 ueseme
545 4143 598 4195 per
615 4143 676 4182 me·
711 4132 754 4182 et:
773 4143 829 4180 noe
847 4125 990 4180 consensit
1006 4124 1043 4179 ed
1058 4125 1148 4178 ictum
1165 4123 1226 4176 ullo

160 4192 318 4264 tsnymisnr
347 4193 485 4253 memmae
508 4210 561 4265 pro
585 4211 618 4251 re
641 4210 679 4250 ex
711 4195 788 4252 edito
809 4194 933 4266 gemitu,
949 4194 980 4247 is.
998 4209 1024 4247 e.
1038 4192 1118 4249 nullo
1134 4190 1227 4261 gerni·

161 4262 283 4317 austeris
300 4260 437 4318 coniecto.
711 4271 744 4320 to
763 4263 887 4319 ostendit
905 4261 1044 4316 astetens
1062 4261 1176 4318 sentire..
